3092 4934
1601 376 1684 440 22

471 581 688 642 regem
732 561 845 643 qui
876 562 940 624 in
970 581 1235 626 uxorem
1267 561 1636 642 liberosque
1671 560 1935 643 bipenni
1968 562 2189 637 saevit,
2225 558 2483 623 devolat
2518 579 2555 622 a
2586 557 2822 622 dextra

471 668 660 746 parte
701 662 941 729 femina
985 662 1182 741 alata,
1239 665 1453 748 capite
1508 663 1664 728 orbe
1706 661 1999 729 flammeo
2047 661 2467 738 circumdato,
2525 659 2821 724 manibus

473 764 677 830 facem
725 764 1107 848 hastamque
1151 787 1379 848 gerens
1410 766 1594 847 cujus
1638 785 1904 830 acumen
1952 767 2018 829 in
2051 765 2327 850 Lycurgi
2358 770 2558 847 caput
2604 764 2819 827 vertit.

475 867 655 932 Hanc
724 866 912 932 deam
974 867 1299 950 Millingen
1332 871 1383 953 1)
1443 866 1596 930 Irim
1658 887 1797 931 esse
1853 868 2073 933 voluit.
2170 868 2377 946 Quam
2431 868 2823 949 interpreta-

474 970 714 1034 tionem
772 970 919 1051 jure
987 969 1224 1034 Roulez
1252 974 1306 1054 Β)
1372 968 1699 1035 refutavit.
1828 969 2051 1053 Neque
2114 972 2282 1034 enim
2347 969 2614 1034 dubium
2684 987 2822 1032 esse

475 1078 719 1156 potest,
779 1074 935 1156 quin
994 1071 1156 1136 haec
1219 1072 1457 1135 femina
1499 1071 1681 1137 alata
1722 1071 1865 1138 face
1910 1080 1977 1137 et
2020 1072 2210 1137 hasta
2252 1075 2573 1137 instructa
2620 1091 2696 1135 ea
2736 1071 2826 1134 sit

474 1175 739 1240 deorum
784 1175 1167 1240 administra
1197 1196 1364 1257 quae
1395 1174 1692 1258 Lycurgo
1723 1175 2005 1240 furorem
2049 1177 2316 1258 injiciat.
2406 1175 2638 1257 Itaque
2683 1195 2820 1238 eam

474 1278 821 1362 Erinyibus
895 1276 1443 1342 adnumerandam
1515 1299 1653 1342 esse
1735 1299 1982 1343 summo
2060 1280 2206 1361 jure
2281 1278 2585 1342 Wieseler
2664 1276 2705 1340 l.
2777 1275 2819 1339 l.

478 1381 797 1462 exposuit.
885 1380 1091 1458 Quam
1152 1381 1206 1443 si
1262 1386 1440 1444 certo
1499 1382 1754 1446 nomine
1813 1381 2144 1465 appellare
2199 1381 2518 1456 volumus,
2583 1379 2824 1463 optime

478 1482 742 1565 Lyssam
802 1503 1027 1547 vocare
1086 1482 1269 1561 licet,
1329 1504 1494 1565 quae
1557 1486 1622 1547 in
1679 1491 2018 1567 poetarum
2063 1504 2322 1567 quoque
2366 1482 2603 1548 fabulis
2648 1489 2826 1547 certa

480 1591 580 1649 est
622 1605 900 1668 persona
926 1590 1000 1669 3).
1089 1584 1355 1651 Pictura
1397 1586 1739 1666 simillima,
1787 1588 1851 1651 in
1899 1610 2031 1670 qua
2060 1590 2284 1652 eadem
2316 1586 2553 1671 Lyssae
2584 1585 2827 1669 effigies

478 1688 742 1770 depicta
786 1695 901 1763 est,
948 1689 1272 1753 invenitur
1318 1692 1380 1753 in
1430 1690 1588 1754 Mus.
1638 1690 1794 1756 Brit.
1845 1697 1968 1755 cat.
2016 1712 2074 1754 n.
2127 1689 2287 1753 1434
2317 1694 2387 1771 ⁴).

651 1789 956 1871 Sequitur
1013 1797 1089 1854 ut
1145 1811 1259 1855 nos
1316 1800 1639 1858 vertamus
1698 1794 1781 1858 ad
1830 1813 1938 1857 eas
1982 1793 2273 1875 picturas
2318 1794 2378 1856 in
2427 1790 2663 1874 quibus
2707 1790 2829 1854 Iris

482 1893 735 1958 comitis
794 1899 910 1957 aut
980 1893 1308 1958 hominum
1371 1902 1489 1959 aut
1550 1896 1814 1960 deorum
1871 1895 2008 1959 obit
2066 1915 2315 1959 munus.
2416 1894 2702 1971 Quarum
2761 1892 2827 1956 in

482 1994 803 2059 nonnullis
860 2017 1001 2061 cum
1064 2018 1203 2061 eam
1260 1999 1587 2081 propriam
1643 1997 1917 2062 Junonis
1971 1998 2302 2062 videamus
2359 1997 2826 2072 administram,

481 2104 715 2180 putare
772 2118 896 2162 non
951 2119 1289 2182 possumus
1341 2100 1508 2165 forte
1568 2100 1883 2164 accidisse
1943 2106 2017 2163 ut
2062 2098 2186 2164 hoc
2228 2100 2290 2163 in
2340 2100 2508 2165 vasis
2555 2099 2828 2162 maxime

482 2201 859 2281 posterioris
903 2203 1213 2284 temporis
1270 2209 1336 2268 et
1389 2203 1658 2267 rationis
1703 2222 2178 2284 cognoscamus,
2227 2202 2612 2284 praesertim
2656 2200 2828 2282 quod

483 2304 676 2395 etiam
724 2323 764 2367 a
809 2302 1203 2369 Callimacho
1247 2306 1313 2368 in
1360 2305 1528 2390 hym.
1571 2306 1638 2368 in
1685 2304 1821 2369 Del.
1868 2327 1924 2369 v.
1970 2304 2096 2368 228
2141 2303 2411 2369 Junonis
2455 2303 2833 2368 administra

487 2406 832 2490 peculiaris
889 2406 1230 2489 profertur.
1327 2407 1511 2473 Talia
1555 2408 1738 2472 nobis
1796 2414 2138 2472 occurrent
2184 2407 2491 2471 nonnulla
2533 2426 2829 2470 vasorum

487 2509 780 2593 exempla
824 2510 984 2575 artis
1031 2509 1424 2592 Campanae,
1485 2531 1654 2592 quae
1699 2516 1876 2574 recte
1922 2509 2076 2573 mihi
2128 2510 2356 2587 Arndt,
2403 2509 2673 2575 Studien
2719 2529 2832 2572 zur

486 2611 919 2677 Vasenkunde
975 2634 1037 2694 p.
1084 2611 1385 2676 99-100
1450 2612 1707 2681 saeculo
1782 2613 1977 2676 tertio
2036 2632 2093 2677 a.
2152 2611 2264 2676 Ch.
2332 2634 2392 2675 n.
2458 2611 2831 2676 attribuisse

485 2716 756 2780 videtur.
871 2714 1095 2797 Neque
1152 2716 1359 2779 minus
1426 2716 1971 2798 praemittendum
2041 2723 2165 2790 est,
2238 2716 2586 2798 praecipue
2641 2712 2832 2795 hujus

485 2820 739 2902 generis
779 2818 842 2881 in
893 2819 1059 2882 vasis
1104 2839 1272 2900 quae
1317 2818 1731 2883 multitudine
1774 2837 2195 2902 personarum
2239 2824 2305 2881 et
2350 2837 2583 2899 magna
2629 2817 2834 2882 forma

485 2921 759 3003 insignia
802 2927 971 2997 sunt,
1016 2920 1194 2984 Irida
1239 2942 1381 2985 cum
1429 2921 1751 2984 Mercurio
1799 2920 2204 3000 conjunctam
2251 2920 2524 2985 inveniri
2569 2940 2694 2985 non
2740 2919 2835 2983 ita

485 3022 912 3088 necessariam
979 3024 1042 3086 in
1098 3023 1292 3087 rebus
1347 3022 1480 3087 illic
1536 3022 1909 3107 descriptis,
1978 3023 2089 3087 sed
2156 3028 2230 3086 ut
2296 3022 2501 3086 altera
2566 3021 2832 3085 deorum

486 3126 715 3190 nuntia
768 3125 866 3188 vel
924 3145 1134 3189 comes
1186 3132 1419 3190 ornatu
1481 3124 1815 3207 magnifico
1860 3124 2158 3208 praedita
2199 3124 2344 3205 ipsa
2387 3124 2684 3207 picturae
2730 3143 2834 3187 or—

488 3228 670 3292 natui
713 3228 816 3291 sit.
904 3227 1289 3310 Incipiamus
1319 3227 1518 3310 igitur
1550 3250 1590 3292 a
1627 3229 1849 3311 paucis
1883 3227 2009 3292 illis
2040 3226 2228 3304 vasis,
2272 3226 2335 3290 in
2371 3226 2605 3309 quibus
2650 3226 2834 3290 deam

488 3330 662 3414 apud
722 3329 1009 3394 homines
1069 3329 1355 3394 videmus
1414 3352 1675 3395 munere
1741 3331 1988 3395 comitis
2049 3329 2438 3411 fungentem.
2550 3328 2835 3406 Quorum

488 3453 784 3499 vasorum
827 3434 890 3495 in
942 3453 1274 3496 numerum
1321 3432 1695 3497 referendae
1741 3440 1894 3498 sunt
1936 3433 2234 3516 picturae
2281 3431 2432 3494 hae:

660 3535 944 3601 Annali
990 3536 1050 3598 d.
1101 3534 1293 3600 Inst.
1349 3534 1571 3611 1836,
1620 3558 1679 3618 p.
1734 3537 1902 3611 112,
1951 3534 2120 3599 Mon.
2160 3534 2219 3597 d.
2251 3534 2404 3598 Inst.
2437 3534 2513 3608 ΙΙ,
2552 3532 2837 3606 30-32ς

489 3640 609 3704 Iris
652 3638 773 3705 alis
820 3645 885 3703 et
931 3638 1211 3702 caduceo
1254 3637 1575 3702 instructa
1631 3657 1842 3702 comes
1896 3644 1964 3701 et
2008 3638 2140 3701 dux
2187 3644 2285 3701 est
2330 3634 2658 3718 triumphi,
2705 3653 2837 3717 quo

490 3742 774 3806 Theseus
833 3748 898 3805 et
955 3741 1227 3824 Antiope
1283 3741 1511 3805 sedata
1568 3740 1892 3804 discordia
1952 3740 2034 3803 ad
2099 3741 2361 3822 nuptias
2421 3737 2839 3802 celebrandas

490 3845 585 3910 ire
631 3843 918 3910 student.

664 3945 916 4011 Catal.
964 3964 1110 4010 vas,
1158 3945 1340 4009 Mus.
1387 3944 1581 4008 Brit.
1630 3965 1689 4006 n.
1737 3944 1918 4020 8343
1962 3946 2043 4009 de
2077 3944 2200 4008 hac
2231 3942 2582 4026 Pamphaei
2613 3949 2842 4025 patera

492 4049 710 4115 variae
764 4048 1058 4132 prolatae
1120 4054 1273 4111 sunt
1332 4047 1707 4112 sententiae.
1815 4045 2064 4111 Artifex
2122 4046 2413 4129 depinxit
2472 4046 2633 4110 duos
2687 4044 2842 4108 deos

669 4227 710 4293 1)
749 4224 820 4278 cf.
861 4223 1033 4277 Vases
1071 4238 1230 4292 grecs
1276 4222 1356 4290 pl.
1409 4225 1452 4285 1,
1494 4224 1543 4274 2.
1729 4222 1769 4288 2)
1809 4220 1879 4274 cf.
1918 4221 2123 4274 Annali
2164 4221 2215 4274 d.
2257 4221 2391 4273 Inst.
2439 4220 2589 4284 1845,
2629 4237 2680 4287 p.
2724 4220 2840 4271 121.

495 4315 536 4382 ⁸)
575 4313 648 4367 cf.
691 4310 979 4379 Euripidis
1029 4310 1251 4365 Hercul.
1304 4308 1414 4362 fur.
1635 4309 1675 4376 4)
1716 4307 1784 4361 cf.
1825 4308 1976 4361 Mon.
2034 4306 2087 4361 d.
2125 4309 2260 4361 Inst.
2312 4306 2385 4371 V,
2432 4309 2516 4360 23.
2592 4305 2676 4359 De
2719 4309 2842 4359 tota

493 4403 824 4472 quaestione
863 4399 1113 4454 conferri
1148 4402 1337 4465 potest
1375 4396 1607 4452 Koertei
1644 4397 1789 4450 liber
1827 4397 1925 4464 qui
1961 4396 2262 4465 inscriptus
2300 4398 2412 4448 est:
2481 4395 2669 4450 Ueber
2706 4393 2842 4447 Per—

493 4489 918 4546 sonificationen
974 4486 1468 4558 psychologischer
1526 4484 1745 4538 Affecte
1806 4485 1864 4537 in
1932 4484 2033 4537 der
2089 4487 2349 4552 spateren
2407 4481 2841 4546 Vasenmalerei‚

492 4596 549 4648 p.
587 4579 834 4643 23—24).
