3092 4934
1445 381 1522 443 27

314 571 413 630 est
457 565 649 647 hujus
694 563 938 630 formae
981 565 1175 630 Iridis
1219 566 1609 649 exemplum,
1668 565 1859 631 aliter
1919 566 1972 629 si
2029 564 2170 630 fieri
2215 570 2430 648 potest
2472 562 2662 644 hujus

312 669 567 750 generis
612 668 1103 751 interpretanda
1145 670 1233 733 sit
1277 670 1506 750 imago,
1600 670 1841 733 Deinde
1871 675 2084 734 autem
2128 666 2663 733 considerandum

314 777 429 848 est,
476 772 539 833 in
585 770 809 853 primis
854 769 1140 854 Psychen
1188 779 1304 836 aut
1347 771 1736 855 papilionem
1784 778 1899 836 aut
1953 771 2300 855 papilionis
2354 790 2495 834 cum
2543 767 2664 832 alis

312 874 395 938 ab
440 873 798 938 artificibus
843 893 981 938 esse
1025 873 1263 952 fictam,
1321 896 1516 957 quam
1562 875 1749 939 deam
1795 875 1969 958 apud
2016 875 2406 958 posteriores
2452 872 2663 935 varias

313 977 517 1057 egisse
562 983 781 1058 partes
825 976 1046 1041 multis
1091 999 1169 1042 ex
1212 979 1640 1042 monumentis
1687 977 1912 1042 elucet.
2001 977 2106 1043 Sic
2148 976 2250 1041 his
2292 995 2550 1058 quoque
2593 976 2660 1037 in

312 1079 581 1160 gemmis
636 1079 715 1142 de
763 1078 1007 1162 Psyche
1065 1079 1188 1145 dea
1245 1080 1353 1161 agi
1395 1080 1556 1144 mihi
1604 1080 1858 1144 videtur
1902 1078 2173 1144 mirifica
2216 1080 2470 1143 ratione
2517 1098 2662 1142 cum

313 1179 569 1245 Nemesi
614 1181 895 1246 confusa.
986 1181 1165 1259 Quae
1222 1182 1510 1248 confusio
1572 1183 1891 1266 quomodo
1937 1182 2113 1246 facta
2156 1183 2245 1247 sit
2287 1181 2537 1246 duobus
2582 1202 2661 1245 ex

313 1282 677 1366 lapidibus,
736 1304 899 1366 quos
942 1284 1221 1349 Toelken
1267 1285 1308 1348 l.
1356 1285 1397 1348 1.
1444 1286 1808 1369 descripsit,
1857 1304 2242 1365 cognoscere
2286 1284 2459 1350 licet.
2549 1282 2662 1346 Vi-

312 1385 538 1450 demus
582 1386 745 1449 enim
790 1388 855 1450 in
890 1389 1104 1471 priore
1135 1408 1388 1470 gemma
1414 1388 1713 1465 Toelken,
1761 1410 1820 1471 p.
1848 1389 1993 1464 222,
2040 1410 2099 1451 11.
2136 1388 2301 1453 1266
2343 1387 2662 1451 Nemesim

313 1491 564 1571 magnis
619 1489 740 1554 alis
798 1491 1218 1570 instructam,
1286 1493 1350 1556 in
1419 1493 1683 1557 sinistra
1753 1490 2004 1556 frenum
2070 1498 2395 1557 tenentem
2462 1496 2660 1573 atque

309 1613 563 1656 ramum
624 1591 985 1657 fraxineum
1014 1643 1029 1672 ,
1092 1595 1324 1659 dextra
1378 1602 1622 1660 vestem
1679 1601 1831 1659 ante
1875 1601 2102 1677 pectus
2147 1596 2658 1679 complicantem,

311 1714 440 1777 quo
498 1695 682 1776 signo
740 1696 1139 1761 continentia
1196 1696 1618 1779 significatur.
1706 1697 1777 1761 In
1833 1704 1978 1762 rota
2031 1704 2182 1762 ante
2228 1719 2371 1764 eam
2415 1697 2660 1783 papilio

309 1798 509 1861 sedet.
598 1796 805 1874 Quam
850 1798 1191 1881 imaginem
1237 1801 1302 1863 in
1347 1800 1556 1865 altero
1601 1800 1820 1882 lapide
1866 1822 1926 1864 n.
1963 1800 2124 1865 1267
2173 1801 2487 1867 habemus
2522 1802 2661 1883 jam

309 1901 517 1981 magis
562 1900 922 1965 excultam:
980 1901 1221 1984 papilio
1279 1923 1404 1966 non
1466 1910 1567 1966 est
1626 1902 1911 1980 effictuS,
1972 1903 2087 1967 sed
2133 1903 2441 1984 Nemesis,
2493 1925 2661 1988 quae

310 2005 545 2066 dextra
610 2024 804 2068 manu
871 2003 1124 2068 frenum
1186 2011 1390 2081 tenet,
1459 2005 1811 2089 papilionis
1877 2006 2199 2072 instructa
2266 2013 2365 2072 est
2427 2007 2662 2089 pinnis.

309 2105 512 2169 Recte
577 2104 746 2171 hauc
820 2106 1008 2172 deam
1070 2106 1393 2173 Nemesim
1414 2106 1755 2192 -Psychen
1820 2108 2006 2173 nobis
2085 2110 2417 2174 nominare
2488 2110 2660 2174 licet.

311 2207 602 2285 Quacum
646 2209 925 2291 imagine
971 2230 1189 2275 omnes
1234 2211 1369 2275 fere
1413 2231 1579 2294 quas
1611 2211 1890 2276 Toelken
1931 2211 2133 2277 habet
2177 2211 2369 2276 Iridis
2417 2211 2661 2295 effigies

313 2317 705 2393 congruunt:
752 2310 969 2377 efficta
1010 2320 1109 2378 est
1152 2315 1217 2377 in
1265 2315 1534 2396 gemmis
1566 2337 1625 2379 n.
1664 2315 1999 2380 1344-46
2031 2314 2272 2380 femina
2314 2316 2661 2398 papilionis

312 2413 432 2478 alis
500 2422 729 2480 ornata
801 2437 969 2498 quae
1046 2437 1240 2481 manu
1306 2416 1649 2482 Nemeseos
1720 2424 1907 2499 gestu
1984 2424 2223 2483 vestem
2292 2418 2658 2501 complicat.

311 2517 535 2601 Neque
567 2517 758 2583 aliter
788 2526 988 2601 atque
1033 2518 1155 2585 hae
1183 2520 1497 2601 imagines
1528 2520 1825 2602 proxima
1855 2540 2104 2601 gemma
2146 2543 2205 2584 n.
2242 2521 2423 2597 1347,
2464 2543 2657 2604 quam

311 2619 588 2684 Toelken
650 2628 717 2685 et
768 2622 977 2705 ipsam
1034 2621 1225 2687 Iridis
1282 2642 1420 2687 esse
1468 2624 1751 2698 censuit,
1814 2622 2156 2688 Nemeseos
2200 2644 2339 2689 esse
2382 2625 2657 2703 videtur,

308 2724 695 2805 praesertim
744 2745 888 2789 cum
933 2724 1209 2790 Toelken
1254 2725 1392 2807 ipse
1437 2722 1609 2789 hanc
1652 2724 1841 2789 deam
1885 2723 2229 2810 Nemeseos
2273 2727 2662 2792 simillimam

310 2844 451 2889 esse
505 2827 915 2891 concesserit.
1022 2826 1159 2891 Dea
1217 2827 1469 2909 magnis
1522 2826 1647 2890 alis
1708 2827 2033 2893 instructa
2089 2835 2190 2894 est
2250 2836 2448 2913 atque
2509 2838 2663 2895 noto

305 2926 419 2991 illo
466 2932 654 3008 gestu
696 2927 872 2992 tollit
913 2936 1169 2994 vestem.

480 3046 855 3112 Simillimae
877 3047 1300 3114 conferendae
1328 3057 1483 3115 sunt
1512 3051 1826 3132 imagines
1857 3070 2022 3133 quas
2044 3057 2291 3116 tractat
2311 3051 2380 3116 L.
2404 3051 2656 3131 Miiller,

308 3148 1047 3228 Musee-Thorwaldsen,
1111 3151 1274 3217 Sect.
1325 3151 1438 3228 111,
1502 3175 1565 3217 n.
1610 3152 1765 3230 582,
1832 3154 1992 3229 585,
2047 3154 2110 3216 in
2173 3153 2409 3235 quibus
2468 3156 2659 3220 simili

307 3252 559 3315 ratione
602 3250 895 3318 Nemesis
941 3260 1007 3318 et
1065 3254 1199 3319 Pax
1254 3256 1561 3320 confusae
1621 3256 1939 3320 videntur.
2030 3254 2260 3337 Itaque
2318 3258 2661 3322 verisimile

308 3361 426 3429 est,
473 3352 638 3418 tales
682 3355 995 3436 imagines
1040 3355 1385 3423 cohaerere
1430 3379 1576 3423 cum
1622 3358 1801 3423 cultu
1847 3357 2022 3422 illius
2066 3357 2244 3437 deae,
2293 3381 2485 3441 quam
2534 3361 2661 3425 Ro-

309 3457 484 3521 mani
545 3455 814 3540 Smyrna
874 3466 1271 3541 exceperunt
1326 3482 1622 3543 quaeque
1674 3459 2476 3527 Pax-Nemesis-Victoria
2530 3485 2663 3528 una

309 3557 487 3623 culta
549 3564 668 3622 est.
775 3558 1059 3625 Primum
1116 3563 1442 3647 invenitur
1499 3564 1663 3629 haec
1735 3565 1858 3628 dea
1915 3564 1978 3626 in
2044 3565 2318 3628 nummis
2379 3565 2531 3629 Vari
2596 3574 2663 3631 et

310 3659 555 3735 Claudi,
603 3680 733 3741 qua
777 3660 857 3724 de
901 3683 971 3726 re
1018 3665 1152 3745 egit
1195 3664 1457 3744 Preller,
1505 3667 1687 3731 Rom.
1734 3666 2047 3751 Mythol.³
2091 3666 2169 3742 II,
2217 3690 2276 3750 p.
2324 3668 2465 3731 251.

483 3780 828 3844 Veniamus
893 3802 1062 3846 nunc
1129 3784 1215 3847 ad
1274 3792 1539 3868 ectypas
1598 3786 1791 3852 Iridis
1849 3789 2162 3870 imagines
2224 3788 2661 3870 inspiciendas

307 3883 389 3946 de
433 3882 667 3964 quibus
712 3881 888 3948 haud
933 3904 1081 3949 raro
1124 3894 1392 3968 propter
1439 3890 1672 3952 nimias
1716 3891 1930 3973 operis
1961 3889 2398 3954 mutilationes
2425 3911 2662 3972 magna

307 3987 436 4050 erit
478 3984 817 4050 dubitatio.

479 4106 761 4187 Agamus
792 4105 1071 4188 primum
1102 4107 1183 4171 de
1217 4107 1469 4173 duobus
1498 4109 1627 4174 illis
1666 4111 1932 4195 ectypis‚
1979 4111 2212 4193 quibus
2248 4121 2662 4178 monumenta

307 4208 705 4271 Athenarum
750 4208 920 4271 arcis
966 4217 1281 4275 exornata
1339 4219 1520 4276 sunt:
1580 4212 1856 4277 alterum
1903 4214 2229 4279 invenitur
2274 4218 2333 4280 in
2381 4217 2661 4299 zophoro

305 4308 532 4392 templi
577 4308 749 4392 quod
796 4308 1121 4375 Victoriae
1169 4333 1292 4377 non
1338 4313 1551 4378 alatae
1597 4316 1884 4380 tribuere
1928 4315 2225 4392 solemus,
2272 4318 2547 4383 alterum
2592 4320 2657 4382 in

308 4411 433 4476 illis
499 4409 929 4476 Parthenonis
996 4416 1272 4498 metopis
1345 4437 1511 4498 quae
1580 4417 1664 4481 ad
1730 4419 2042 4482 orientem
2114 4427 2429 4502 spectant.
2541 4421 2660 4485 Est

306 4521 521 4579 autem
591 4514 770 4596 prior
831 4515 1044 4600 imago
1106 4518 1172 4582 in
1239 4539 1316 4583 ea
1381 4519 1648 4604 zophori
1709 4528 1899 4604 parte
1966 4542 2132 4604 quae
2197 4523 2276 4588 ad
2346 4523 2653 4587 orientem
