3092 4934
1641 336 1720 399 10

501 528 756 587 ceterae
800 542 965 604 quas
1008 520 1221 598 attuli,
1270 543 1414 587 cum
1462 529 1644 587 certa
1686 542 1790 587 res
1821 543 1947 585 non
1979 532 2341 605 exponatur
2372 532 2572 607 atque
2600 524 2843 590 multae

500 627 632 690 sint
674 645 987 707 personae
1028 625 1266 707 quibus
1310 633 1385 689 ut
1427 624 1621 689 alatis
1648 626 1858 707 pictor
1886 625 1983 688 uti
2016 627 2304 708 potuerit
2333 628 2399 691 in
2431 628 2550 691 tali
2584 629 2844 710 pictura

500 727 913 793 conficienda.

673 830 761 894 Ut
803 829 996 893 finem
1037 828 1267 894 faciam
1315 829 1508 912 hujus
1554 830 1807 912 generis
1851 830 2122 912 picturis
2169 832 2640 909 enumerandis,
2689 833 2841 895 ima·

499 936 709 1015 ginem
772 933 1129 997 describam
1195 953 1364 1014 quae
1425 955 1569 997 cum
1639 939 1779 997 arte
1825 933 2102 998 Etrusca
2157 932 2450 998 confecta
2509 936 2596 999 sit
2655 934 2841 1015 longe

501 1034 692 1100 aliam
737 1055 892 1116 prae
937 1055 1006 1099 se
1050 1034 1177 1101 fert
1220 1036 1516 1118 speciem.
1608 1036 1756 1117 Egit
1796 1034 1878 1098 de
1924 1056 2001 1098 68
2045 1036 2108 1098 111
2158 1036 2514 1101 conditorio
2562 1036 2839 1100 Etrusco

501 1140 755 1201 invento
823 1134 983 1201 Noel
1051 1135 1131 1202 de
1188 1137 1458 1220 Vergers
1525 1139 1588 1201 in
1649 1136 1816 1201 Bull.
1861 1137 1922 1201 d.
1968 1137 2126 1202 Inst.
2180 1139 2361 1215 1857,
2429 1140 2566 1203 120.
2663 1137 2842 1216 Quae

499 1241 713 1324 pinxit
756 1239 1008 1317 artifex,
1058 1262 1136 1305 ex
1172 1239 1410 1305 fabulis
1438 1241 1777 1305 homericis
1807 1240 2166 1322 desumpsit
2191 1241 2306 1303 sed
2337 1241 2433 1305 ita
2462 1249 2538 1306 ut
2568 1238 2841 1304 mirifica

499 1346 750 1408 ratione
796 1343 1128 1426 opiniones
1185 1343 1495 1408 Etruscas
1564 1366 1708 1408 cum
1765 1342 1878 1407 illa
1935 1342 2366 1426 descriptione
2426 1345 2844 1426 conjungeret

500 1467 692 1528 quam
757 1444 1073 1511 Homerus
1128 1445 1286 1511 facit
1339 1447 1405 1509 in
1464 1445 1532 1509 ll.
1582 1445 1624 1510 l.
1670 1444 1904 1522 XXIII,
1963 1467 2018 1509 v.
2075 1445 2409 1510 170—180
2468 1444 2546 1510 de
2613 1445 2872 1526 Trojaae

501 1570 726 1613 norum
773 1546 1298 1614 adulescentibus
1343 1549 1425 1613 ab
1457 1547 1705 1613 Achille
1749 1549 2044 1612 manibus
2089 1547 2372 1613 Patrocli
2416 1548 2841 1613 immolandis.

500 1651 715 1715 Media
781 1651 845 1714 in
909 1653 1170 1733 pictura
1230 1649 1467 1716 artifex
1530 1651 1751 1733 posuit
1798 1649 2131 1727 Achillem,
2198 1652 2310 1732 qui
2372 1653 2436 1714 in
2496 1672 2570 1714 eo
2624 1659 2724 1714 est
2767 1658 2843 1714 ut

500 1776 695 1817 unum
743 1752 1162 1833 Trojanorum
1219 1753 1330 1834 (1111
1378 1753 1575 1818 vincti
1622 1752 2004 1818 adferuntur
2048 1752 2267 1835 gladio
2311 1753 2654 1836 perfodiat.
2745 1753 2841 1817 Ab

500 1857 709 1921 altera
752 1862 938 1939 parte
982 1853 1252 1919 Achillis
1288 1855 1541 1920 Charon
1588 1861 1724 1920 stat
1768 1855 2099 1938 adscripto
2147 1856 2420 1932 nomine,
2466 1877 2595 1939 quo
2634 1856 2845 1938 pictor

500 1959 789 2042 captivos
832 1960 1023 2023 morti
1070 1958 1426 2023 destinatos
1469 1956 1834 2041 significare
1880 1956 2036 2034 vult,
2099 1958 2182 2023 ab
2228 1957 2439 2023 altera
2485 1966 2675 2041 parte
2717 1958 2844 2022 dea

500 2063 677 2126 alata
748 2081 916 2143 quae
988 2063 1243 2124 nomine
1320 2062 1559 2144 partim
1634 2061 1895 2143 quidem
1982 2060 2194 2126 deleto
2268 2060 2392 2125 Iris
2479 2061 2843 2126 denotatur.

499 2164 736 2242 Quales
779 2171 1000 2246 partes
1045 2164 1166 2228 dea
1211 2170 1433 2228 nostra
1495 2162 1620 2229 hac
1674 2164 1736 2227 in
1791 2164 2050 2246 pictura
2109 2169 2285 2245 agat,
2346 2164 2638 2246 quamvis
2684 2163 2844 2227 Noel

497 2267 578 2330 de
627 2266 900 2349 Vergcrs
942 2266 986 2331 1.
1031 2266 1074 2331 l.
1136 2265 1327 2331 aliter
1386 2272 1585 2349 atque
1642 2287 1759 2348 ego
1817 2266 1899 2329 de
1957 2264 2081 2330 hac
2137 2286 2208 2330 re
2260 2268 2520 2344 sentiat,
2574 2266 2841 2331 dubium

498 2390 635 2434 esse
681 2389 804 2434 non
850 2374 1082 2451 potest.
1172 2367 1335 2433 Nam
1379 2369 1433 2432 si
1480 2368 1590 2433 ille
1634 2368 1731 2433 vir
1776 2369 2008 2433 doctus
2052 2374 2262 2452 putat,
2295 2368 2446 2432 Irim
2490 2369 2636 2434 boni
2671 2369 2843 2450 genii

496 2471 706 2536 locum
755 2472 878 2537 1186
922 2472 985 2535 111
1034 2473 1293 2555 pictura
1335 2471 1659 2553 supplere,
1718 2491 1835 2552 ego
1890 2471 2150 2553 quidem
2208 2492 2415 2553 neque
2470 2471 2653 2536 video
2712 2493 2845 2553 qua

496 2577 577 2639 de
630 2595 827 2640 causa
880 2574 1084 2639 bonus
1142 2575 1370 2656 genius
1423 2571 1549 2637 hoc
1600 2571 1741 2636 loco
1796 2574 2052 2637 omnino
2107 2573 2281 2638 adsit
2324 2595 2535 2656 neque
2583 2573 2845 2638 credere

497 2698 776 2761 possum,
843 2698 986 2741 cum
1054 2675 1297 2741 nullum
1364 2674 1541 2740 aliud
1608 2676 1800 2757 hujus
1866 2676 2037 2740 modi
2106 2675 2467 2758 exemplum
2539 2676 2840 2752 noverim,

496 2780 673 2844 Irida
718 2779 904 2844 deam
951 2780 1206 2843 omnino
1238 2777 1524 2843 functam
1555 2798 1692 2842 esse
1723 2777 1840 2842 tali
1871 2799 2150 2842 munere.
2237 2777 2312 2842 In
2345 2779 2841 2861 interpretanda

497 2892 712 2947 autem
784 2881 904 2946 hac
968 2882 1226 2964 pictura
1280 2880 1505 2944 similis
1561 2880 1740 2945 locus
1796 2900 1988 2961 quem
2051 2881 2415 2945 invenimus
2477 2881 2540 2943 in
2600 2879 2839 2962 Vergili

501 2989 652 3050 Aen.
684 2985 725 3049 l.
773 2984 881 3058 IV,
928 2984 1225 3049 696—99
1251 2987 1322 3065 ¹),
1370 2984 1537 3048 tanti
1581 2984 1888 3048 momenti
1933 3003 2071 3048 esse
2116 2984 2329 3061 debet,
2381 2989 2457 3047 ut
2499 2983 2700 3048 etiam
2742 2984 2842 3045 in-

495 3088 1023 3171 terpretationem
1072 3087 1207 3167 ejus
1251 3088 1467 3150 vincat
1510 3085 1621 3167 qui
1668 3085 1821 3149 Irim
1868 3085 2055 3150 deam
2098 3107 2138 3150 a
2181 3087 2430 3168 pictore
2476 3086 2617 3150 sola
2647 3106 2727 3149 68
2755 3085 2839 3149 (16

497 3212 694 3255 681188
762 3191 1068 3254 insertam
1134 3209 1273 3253 esse
1339 3187 1490 3253 huic
1555 3188 1819 3253 tabulae
1884 3188 2082 3265 dicat,
2150 3187 2323 3270 quod
2370 3187 2685 3253 Homerus
2729 3186 2843 3251 illo

496 3293 638 3359 loco
705 3313 843 3357 eam
914 3291 1142 3357 Achilli
1218 3293 1467 3376 petenti
1550 3298 1769 3356 ventos
1839 3290 2039 3357 faciat
2106 3290 2545 3355 advocantem.
2678 3288 2844 3354 Nam

498 3396 719 3460 eodem
769 3395 955 3458 modo
1001 3416 1130 3477 quo
1177 3393 1285 3469 illo
1332 3394 1572 3476 Vergili
1619 3393 1762 3460 loco
1807 3416 1847 3459 a
1888 3393 2143 3458 Junone
2187 3393 2386 3458 missa
2435 3399 2535 3458 est
2578 3392 2719 3469 dea,
2765 3400 2842 3457 ut

502 3498 762 3561 Didonis
807 3496 1079 3561 miserae
1123 3502 1275 3561 ante
1322 3497 1492 3561 diem
1533 3497 1864 3561 morientis
1919 3497 2198 3560 animam
2230 3516 2271 3560 a
2302 3516 2570 3577 corpore
2615 3494 2843 3568 solvat,

497 3602 621 3666 hac
673 3620 930 3682 quoque
986 3599 1049 3662 in
1111 3600 1369 3682 pictura
1424 3600 1652 3663 adesse
1706 3596 1863 3661 mihi
1922 3598 2197 3674 videtur,
2252 3605 2329 3662 ut
2385 3597 2641 3662 easdem
2687 3605 2846 3679 agat

495 3711 717 3788 partes
762 3701 936 3785 apud
981 3700 1289 3781 Trojanos
1336 3708 1403 3766 et
1446 3702 1622 3784 ipsos
1666 3708 1817 3765 ante
1863 3700 2030 3764 diem
2078 3700 2443 3764 morientes,

667 3804 845 3870 Haec
910 3811 1062 3869 811111
1124 3805 1358 3887 prioris
1423 3791 1828 3888 picturarum
1889 3804 2144 3885 generis
2210 3823 2379 3885 quae
2436 3801 2847 3885 respicienda

495 3912 629 3974 sint
671 3906 999 3990 exempla3
1065 3926 1335 3988 agamus
1390 3927 1563 3971 1111116
1606 3907 1686 3970 (16
1731 3905 1936 3970 altero
1981 3927 2212 3987 genere
2256 3904 2430 3988 quod
2478 3924 2698 3969 earum
2745 3911 2846 3967 est

494 4012 847 4094 imaginum
892 4009 1129 4091 quibus
1174 4029 1329 4075 vasa
1370 4017 1658 4074 veterum
1704 4007 1994 4073 videmus
2039 4011 2369 4073 exornata.
2459 4005 2585 4071 Sed
2628 4006 2843 4089 prius-

633 4186 681 4251 1)
717 4183 866 4237 Max.
896 4182 1091 4249 Meyer
1126 4180 1354 4247 quidem
1390 4180 1447 4233 in
1484 4180 1691 4235 Rosch.
1720 4180 1826 4234 lex.
1866 4196 1919 4248 p.
1943 4181 2047 4234 332
2085 4183 2257 4249 negat
2294 4195 2364 4232 ex
2399 4177 2495 4231 illo
2531 4176 2839 4246 quidquam

497 4274 645 4329 effici
681 4289 847 4341 posse
885 4270 956 4324 de
991 4268 1142 4323 Iride
1184 4268 1290 4322 dea
1326 4267 1532 4322 inferos
1572 4268 1954 4336 contingente,
2004 4267 2104 4321 sed
2151 4265 2567 4321 admonendum
2606 4269 2691 4318 681
2722 4265 2846 4334 jam

496 4365 559 4418 Ο.
596 4361 894 4415 Miillerum
931 4357 1245 4428 Aeginetic.
1283 4375 1338 4426 p.
1380 4360 1482 4411 170
1533 4375 1602 4410 ex
1640 4357 1951 4410 Aethenaei
1989 4356 2085 4411 lib.
2124 4354 2270 4423 XIV,
2307 4356 2440 4409 645b
2476 4355 2611 4408 Irim
2657 4358 2715 4408 61
2761 4354 2846 4407 in·

497 4452 672 4505 feram
701 4449 972 4502 Hecatam
1003 4447 1152 4500 inter
1178 4463 1237 4501 86
1274 4445 1575 4499 cohaerere
1601 4444 2015 4498 demonstrasse
2054 4444 2123 4498 cf.
2155 4444 2356 4511 Μ8888,
2393 4443 2588 4511 Indog.
2608 4441 2843 4496 Forsch.

502 4540 654 4601 1891,
693 4554 749 4605 p.
792 4536 905 4588 163.
