3092 4934
1408 301 1486 366 19

447 491 650 555 Aliter
687 510 791 555 res
835 509 902 554 se
946 488 1147 553 habet
1190 489 1254 552 in
1300 488 1675 571 posterioris
1719 489 2026 573 temporis
2070 493 2514 572 monumentis,
2560 492 2626 557 in

274 595 509 678 quibus
562 593 732 657 Irida
796 592 1086 656 videmus
1145 591 1371 655 hirnea
1445 592 1849 657 instructam.
1950 592 2194 657 Eodem
2249 594 2438 660 modo
2497 615 2627 677 quo

276 696 614 778 Vergilius,
670 695 940 760 Ovidius
998 694 1241 776 aliique
1295 694 1647 776 scriptores
1692 693 1872 759 Irida
1937 715 2083 760 cum
2140 716 2298 761 arcu
2364 697 2627 762 caelesti

274 800 747 880 conjunxerunt
801 800 1031 879 itaque
1084 797 1268 861 deam
1340 795 1624 880 pluviam
1690 796 1790 862 vel
1867 798 2109 862 aeriam
2176 798 2621 876 reddiderunt,

270 901 532 967 fictores
576 920 835 984 quoque
891 899 1122 965 hirnea
1178 901 1277 964 usi
1333 899 1524 964 Iridis
1578 901 1817 981 insigni
1872 899 2042 965 hanc
2110 900 2268 965 deae
2326 909 2627 969 naturam

273 1010 675 1069 notaverunt.
775 1002 1021 1067 Hirnea
1077 1003 1243 1066 enim
1297 1004 1622 1067 instructa
1682 1003 2008 1067 invenitur
2052 1002 2173 1067 Iris
2230 1003 2422 1068 simul
2484 1024 2628 1068 cum

275 1107 526 1171 Aurora
585 1106 726 1170 face
799 1105 1111 1170 denotata
1164 1104 1372 1171 Solem
1433 1104 1822 1170 antecedens
1887 1106 1953 1167 in
2018 1104 2287 1169 thorace
2348 1105 2627 1187 Augusti

274 1230 405 1292 qua
448 1209 530 1273 de
572 1229 643 1272 re
687 1205 983 1290 pluribus
1029 1209 1162 1290 egit
1204 1208 1414 1272 verbis
1456 1207 1602 1272 Ras.
1647 1206 1983 1286 Garrucci,
2032 1207 2300 1273 Dissert.
2330 1207 2624 1274 Archeol.

271 1335 334 1396 p.
382 1315 412 1378 1
461 1332 509 1377 s.
552 1311 918 1393 L'Augusto
962 1309 1028 1374 di
1074 1308 1245 1376 Villa
1285 1309 1663 1391 Vejentana,
1709 1317 1837 1376 taV.
1891 1314 1919 1374 l
1952 1312 2025 1394 1).

443 1432 682 1496 Tamen
714 1429 1068 1495 cavendum
1112 1436 1229 1506 est,
1276 1451 1356 1494 ne
1399 1450 1619 1495 omnes
1662 1429 1902 1495 similes
1945 1429 2259 1512 imagines
2292 1430 2359 1494 in
2406 1430 2630 1513 hujus-

272 1535 445 1601 modi
489 1535 838 1616 imaginum
869 1552 1134 1597 numero
1165 1532 1535 1599 habeamus.
1627 1532 1984 1598 Nonnullae
2016 1532 2182 1597 enim
2221 1532 2404 1597 nobis
2433 1540 2627 1598 notae

271 1644 453 1714 sunt,
518 1656 683 1719 quas
739 1636 1031 1719 quamvis
1090 1635 1216 1699 illis
1272 1637 1546 1718 picturis
1605 1636 1845 1701 similes
1901 1641 2118 1699 tamen
2176 1634 2367 1699 aliter
2425 1637 2628 1701 inter-

269 1740 625 1825 pretandas
698 1758 838 1803 esse
911 1737 1323 1803 manifestum
1395 1745 1513 1803 est.
1612 1739 1684 1802 In
1754 1739 1980 1822 primis
2052 1736 2450 1803 afferendum
2529 1747 2629 1804 est

270 1844 527 1926 signum
572 1841 900 1925 quoddam
943 1841 1185 1906 nummi
1230 1841 1544 1906 Terinaei.
1634 1839 1873 1906 Efficta
1917 1848 2016 1906 est
2057 1842 2125 1905 in
2170 1841 2293 1906 hoc
2338 1862 2617 1918 nummo,

272 1967 465 2028 quem
522 1967 602 2010 ex
659 1944 925 2010 Eckheli
1000 1944 1216 2009 Doctr.
1269 1942 1458 2008 Num.
1518 1945 1580 2022 1,
1655 1943 1773 2008 182
1834 1943 2242 2028 desumptum
2305 1944 2623 2023 Gerhard,

270 2047 530 2113 Etrusk.
576 2046 832 2130 Spiegel
863 2047 911 2124 Ι,
958 2048 1061 2124 41,
1094 2048 1135 2112 2
1179 2047 1542 2131 descripsit,
1589 2045 1830 2111 femina
1875 2046 2052 2112 alata
2093 2048 2159 2111 in
2204 2066 2361 2111 saxo
2397 2047 2627 2112 sedens

271 2170 439 2233 quae
482 2150 690 2216 altera
734 2170 927 2215 manu
961 2149 1315 2214 caduceum
1345 2155 1542 2226 tenet,
1592 2148 1801 2214 altera
1841 2169 1955 2214 vas
1997 2150 2061 2213 in
2110 2150 2284 2232 quod
2329 2171 2364 2215 e
2412 2152 2627 2234 capite

270 2254 522 2318 leonino
565 2274 740 2336 aqua
780 2251 946 2316 fluit.
1037 2252 1216 2330 Quae
1267 2254 1482 2335 imago
1537 2272 1933 2335 quamquam
1978 2252 2251 2317 similem
2296 2272 2438 2317 eam
2483 2273 2622 2318 esse

269 2357 563 2439 picturae
607 2375 807 2439 supra
835 2354 1222 2438 explanatae
1251 2375 1437 2419 nemo
1468 2355 1752 2436 negabit,
1800 2353 1989 2418 Iridis
2021 2374 2159 2419 esse
2189 2374 2316 2419 non
2348 2354 2621 2423 videtur.

271 2458 612 2523 Nonnullis
672 2459 840 2522 enim
897 2459 1042 2523 aliis
1100 2460 1163 2522 in
1218 2458 1496 2522 nummis
1553 2457 1882 2521 Terinaeis
1902 2459 1951 2538 2)
2010 2456 2247 2523 semina
2299 2457 2623 2524 simillima

270 2562 478 2626 forma
521 2562 859 2640 invenitur,
908 2564 1172 2644 quaein
1218 2561 1470 2626 duobus
1498 2565 1555 2644 ⁸)
1598 2561 1740 2643 ipso
1782 2560 2034 2624 nomine
2081 2560 2369 2626 Victoria
2411 2561 2621 2643 desig-

271 2670 484 2729 natur.
572 2663 802 2747 Itaque
833 2666 1027 2729 etiam
1074 2665 1139 2728 in
1187 2664 1392 2757 forma
1437 2664 1680 2727 nummi
1727 2661 1914 2726 modo
1960 2664 2228 2727 tractati
2271 2663 2620 2746 imaginem

272 2765 596 2831 Victoriae
655 2765 849 2831 fuisse
906 2768 1299 2851 insculptam
1345 2772 1850 2831 consentaneum
1897 2763 2048 2829 mihi
2096 2763 2393 2831 videatur
2438 2765 2621 2831 colli-

274 2889 445 2950 gere.

442 2970 582 3048 Quo
622 2969 763 3035 loco
807 2972 1112 3053 quoniam
1144 2970 1224 3034 de
1266 2972 1542 3036 nummis
1581 2971 1818 3054 agitur,
1865 2969 2104 3036 addam
2132 2968 2322 3035 Malli
2353 2973 2419 3036 in
2463 2971 2624 3038 urbe

271 3073 532 3138 Ciliciae
583 3094 876 3138 nummos
928 3074 1119 3138 Iridis
1162 3075 1436 3155 imagine
1490 3074 1778 3156 signatos
1843 3092 2010 3152 esse,
2071 3093 2344 3156 quorum
2410 3081 2628 3141 exstat

270 3175 663 3260 exemplarin
693 3174 880 3240 Num.
899 3175 1236 3241 Chronicle
1260 3175 1520 3258 189o‚p.
1537 3176 1646 3254 IV,
1671 3198 1733 3259 p.
1757 3174 1901 3252 327,
1924 3196 1982 3239 n.
1996 3175 2100 3240 29.
2150 3176 2285 3241 Dea
2307 3178 2627 3243 instructa

270 3287 372 3344 est
426 3278 549 3343 alis
606 3283 673 3341 et
728 3279 794 3340 in
849 3276 1136 3342 humeris
1198 3284 1264 3341 et
1307 3278 1372 3340 in
1420 3278 1697 3361 pedibus
1743 3283 1943 3361 atque
1987 3285 2353 3345 retroversa
2397 3301 2624 3346 manus

270 3381 582 3446 extendit.
692 3378 914 3443 Altera
968 3378 1193 3444 similis
1246 3381 1459 3462 imago
1518 3381 1843 3445 invenitur
1909 3381 1977 3443 in
2036 3400 2289 3463 gemma
2345 3382 2623 3448 Etrusca

270 3485 409 3566 ejus
461 3483 705 3548 formae
749 3502 947 3565 quam
991 3483 1376 3548 scarabaeos
1418 3503 1651 3548 vocare
1694 3482 1972 3548 solemus
1999 3486 2075 3569 ⁴).
2162 3484 2371 3550 Incisa
2417 3493 2515 3551 est
2556 3486 2622 3550 in

269 3586 516 3670 lapide,
576 3606 768 3669 quem
824 3585 1154 3668 depictum
1210 3586 1568 3651 invenimus
1636 3587 1811 3670 apud
1869 3585 2301 3665 Gerhardum,
2360 3587 2621 3654 Etrusk.

269 3687 527 3772 Spiegel
570 3687 618 3765 I,
665 3689 768 3766 41,
799 3689 857 3765 3,
906 3686 1148 3771 effigies
1192 3687 1349 3753 deae
1394 3688 1629 3769 alatae,
1676 3709 1843 3772 quae
1888 3688 2111 3754 tunica
2153 3689 2350 3754 talari
2395 3691 2623 3757 induta

269 3797 424 3856 ante
478 3790 776 3875 hydriam
836 3789 1154 3856 collocata
1212 3797 1329 3857 est.
1431 3789 1575 3856 Non
1630 3798 1729 3857 est
1787 3792 1960 3875 quod
2006 3790 2180 3856 hanc
2215 3791 2402 3857 deam
2446 3793 2624 3859 Irida

448 3984 493 4049 1)
540 3981 609 4036 cf.
649 3981 936 4050 Welcker‚
984 3981 1209 4036 Griech.
1253 3980 1491 4036 Gotterl.
1530 3982 1625 4050 111,
1674 3984 1760 4036 43.
1972 3982 2016 4051 ²)
2052 3981 2122 4036 cf.
2164 3981 2446 4052 Gerhard,
2494 3985 2620 4040 Ges.

269 4071 418 4126 Abh.
457 4070 518 4125 T.
546 4070 640 4139 XI,
684 4072 822 4124 5-7
840 4090 853 4139 ;
893 4068 1433 4137 carelli-Cavedoni‚
1471 4069 1598 4124 Vet.
1635 4069 1834 4124 Italiae
1870 4068 2236 4137 Numismata,
2279 4089 2334 4140 p.
2362 4076 2624 4142 177—79,

268 4158 497 4213 Nummi
534 4158 808 4226 Terinaei‚
845 4176 900 4212 n.
938 4160 1023 4212 26.
1060 4160 1145 4211 27.
1315 4158 1361 4227 ⁸)
1400 4156 1469 4211 cf.
1511 4157 1824 4227 Millingen,
1862 4158 2106 4212 Ancient
2145 4160 2300 4213 coins
2336 4160 2411 4228 pl.
2449 4162 2520 4226 11,
2554 4166 2586 4217 2
2599 4182 2613 4229 3

271 4247 455 4311 Poole,
509 4250 617 4300 cat.
670 4245 734 4299 of
780 4246 878 4300 the
926 4246 1105 4300 Greec
1144 4247 1299 4300 coins
1337 4247 1395 4299 in
1432 4246 1532 4300 the
1570 4247 1712 4300 Brit.
1749 4245 1891 4299 Mus.
1931 4246 2094 4316 Italy.
2130 4264 2183 4314 p.
2220 4248 2325 4301 385
2347 4246 2404 4302 ff.
2456 4248 2619 4301 Coins

273 4333 339 4387 of
369 4334 589 4402 Terina,
628 4352 679 4389 n.
705 4336 767 4402 63
805 4334 1067 4402 Sambon,
1107 4333 1462 4389 Becherches
1503 4351 1599 4387 sur
1634 4335 1714 4387 les
1749 4332 2041 4387 Monnaies
2080 4333 2151 4387 de
2187 4335 2242 4388 la
2276 4334 2488 4402 Presqu
2530 4335 2621 4388 'ile

270 4421 460 4491 Italic,
509 4439 563 4491 p.
602 4423 734 4484 360,
783 4441 838 4476 n.
878 4425 902 4475 1
949 4440 1002 4475 u.
1040 4425 1091 4476 2.
1311 4422 1356 4486 ⁴)
1396 4421 1469 4476 cf.
1509 4421 1818 4491 Catalogue
1871 4420 1936 4475 of
1986 4422 2085 4476 the
2131 4423 2254 4475 coll.
2292 4421 2509 4475 formed
2546 4423 2622 4488 by

272 4509 337 4563 B.
373 4508 565 4572 Hertz,
603 4508 840 4564 London
881 4511 1038 4577 1851,
1074 4527 1127 4578 p.
1167 4512 1218 4578 7,
1257 4528 1311 4564 n.
1347 4513 1433 4565 82.

2084 4608 2160 4666 2*
