3092 4934
1652 297 1693 361 8

394 474 403 482 ’
501 481 789 545 dubitari
832 503 956 545 non
1009 488 1244 565 potest,
1293 485 1448 566 quin
1495 490 1801 550 accurate
1849 485 2031 550 nobis
2076 483 2464 566 significent,
2529 485 2853 568 quomodo

500 582 713 666 figura
756 591 1015 650 nostrae
1061 585 1221 650 deae
1267 586 1397 650 illis
1442 587 1803 670 pictoribus
1851 609 1891 651 a
1936 589 2263 670 prioribus
2310 589 2553 654 tradita
2596 590 2699 654 sit.

630 688 979 751 Veniamus
993 709 1163 752 nunc
1174 688 1256 752 ad
1274 689 1449 771 ipsas
1467 689 1657 753 Iridis
1673 691 1985 772 picturas,
1999 712 2167 773 quae
2181 692 2504 773 prioribus
2524 691 2851 773 perfectae

502 790 899 873 temporibus
943 789 1127 854 nobis
1160 798 1452 855 servatae
1482 799 1652 855 sunt.
1743 792 2027 870 Quarum
2058 792 2511 873 distinguenda
2540 800 2692 857 sunt
2721 793 2853 855 duo

501 912 774 974 genera:
799 890 1075 956 alterum
1095 914 1313 957 earum
1333 914 1500 975 quae
1518 895 1807 976 parietes
1826 901 2211 958 exornantes
2230 903 2346 959 aut
2368 897 2428 958 in
2449 895 2717 959 aedibus
2736 902 2855 958 aut

502 995 567 1057 in
598 992 951 1078 hypogaeis
981 995 1276 1059 inventae
1304 1003 1473 1072 sunt,
1523 996 1800 1060 alterum
1849 997 2272 1079 picturarum,
2320 997 2556 1079 quibus
2598 1004 2854 1061 veteres

503 1104 973 1161 exornaverunt
1015 1116 1169 1161 vasa
1211 1095 1452 1179 figlina.
1543 1098 1847 1179 Magnum
1896 1107 2113 1162 autem
2160 1100 2432 1163 interest
2476 1100 2646 1163 inter
2691 1098 2855 1162 haec

503 1200 632 1263 duo
677 1218 912 1280 genera
956 1200 1132 1281 quod
1174 1200 1411 1263 attinet
1454 1200 1540 1264 ad
1586 1221 1663 1265 ea
1707 1221 1875 1283 quae
1919 1202 2198 1283 pictores
2243 1203 2368 1284 ipsi
2412 1202 2685 1284 picturis
2715 1201 2853 1263 effi-

504 1321 645 1365 cere
687 1300 810 1364 sibi
854 1310 1347 1383 proposuerunt.
1435 1300 1601 1366 Nam
1648 1303 1830 1367 alteri
1882 1302 2041 1367 nihil
2087 1303 2264 1368 aliud
2311 1304 2594 1386 agebant
2625 1304 2744 1367 nisi
2779 1310 2855 1367 ut

504 1405 569 1466 in
627 1404 917 1486 picturiS,
982 1403 1217 1486 quibus
1286 1404 1586 1468 cubicula
1642 1405 2066 1483 exornabant,
2131 1404 2496 1470 fabularum
2542 1426 2853 1489 personas

504 1528 697 1588 quam
761 1505 1229 1588 pulcherrimas
1297 1506 1802 1588 pulchritudinis
1872 1529 2067 1572 causa
2135 1506 2485 1588 fingerent,
2554 1529 2850 1573 vasorum

504 1617 722 1672 autem
787 1610 1068 1691 pictores
1132 1608 1358 1691 primis
1425 1609 1688 1691 quidem
1749 1609 1984 1691 quibus
2044 1610 2205 1674 haec
2266 1629 2373 1674 ars
2430 1610 2854 1674 exercebatur

507 1709 786 1776 saeculis
831 1710 1087 1775 fabulas
1132 1711 1307 1792 ipsas
1355 1710 1629 1774 reddere
1672 1711 2044 1776 studebant.
2132 1711 2276 1789 Qua
2324 1734 2402 1775 ex
2446 1734 2517 1775 re
2561 1712 2718 1794 quid
2766 1713 2849 1775 ad

506 1821 790 1878 nostram
837 1834 970 1877 rem
1016 1819 1346 1894 sequatur,
1397 1811 1803 1877 manifestum
1853 1821 1977 1877 est:
2024 1814 2086 1876 in
2140 1813 2323 1876 Iridis
2367 1815 2641 1896 picturis
2686 1836 2855 1896 quae

506 1917 692 1980 nobis
737 1920 1031 1980 servatae
1064 1922 1219 1979 sunt
1248 1915 1312 1978 in
1346 1914 1794 1998 Pompejorum
1829 1916 2113 1995 aedibuS‚
2158 1914 2622 1981 Thaumantias
2666 1916 2855 1980 facile

506 2019 875 2100 recognosci
918 2024 1155 2100 potest,
1218 2039 1362 2083 cum
1409 2019 1590 2100 virgo
1636 2019 1814 2083 alata
1858 2024 2129 2083 venusta
2172 2016 2379 2081 forma
2422 2018 2487 2081 in
2533 2017 2728 2082 rebus
2772 2039 2854 2082 ex

505 2122 745 2188 fabulis
789 2123 960 2187 notis
1003 2121 1265 2204 depicta
1312 2122 1417 2186 sit.
1504 2121 1732 2203 Neque
1776 2122 2141 2185 mirandum
2192 2129 2309 2198 est,
2365 2122 2540 2203 quod
2593 2122 2854 2203 saepius

507 2226 689 2290 nobis
733 2225 1021 2290 occurrit
1062 2224 1226 2289 haec
1269 2223 1391 2288 dea
1435 2225 1501 2286 in
1550 2223 1679 2288 illis
1724 2224 2021 2306 picturis,
2079 2243 2222 2287 cum
2279 2225 2508 2287 summi
2568 2221 2853 2287 artifices

504 2328 682 2393 Irida
742 2328 1049 2409 virginem
1108 2333 1250 2391 arte
1309 2346 1428 2392 sua
1483 2325 1842 2391 celebrasse
1904 2326 2262 2391 videantur.
2352 2326 2507 2407 Agit
2560 2327 2854 2389 universe

505 2431 585 2495 de
630 2429 821 2494 Iridis
864 2428 1249 2511 imaginibus
1294 2428 1709 2513 Porphyrius,
1757 2429 1866 2510 qui
1913 2430 1979 2492 in
2026 2428 2189 2492 libro
2236 2426 2344 2505 111,
2400 2427 2475 2489 16
2522 2427 2603 2490 de
2648 2426 2852 2490 absti-

506 2534 724 2598 nentia
768 2532 930 2597 haec
974 2531 1209 2596 tradit:
1254 2528 1373 2607 τὰς
1418 2530 1491 2595 δὲ
1533 2527 1786 2610 μούσας
1830 2526 2214 2614 ἔπτέρωσαν
2244 2525 2504 2605 καὶτὰς
2534 2533 2855 2613 σειρῆνας,

506 2635 674 2699 κατὰ
717 2633 800 2700 τὰ
845 2629 1012 2699 αὐτὰ
1068 2631 1141 2698 δὲ
1184 2628 1305 2719 τήν
1352 2657 1423 2699 τε
1468 2629 1679 2718 Νίκην
1736 2630 1845 2697 καὶ
1903 2632 2020 2718 τὴν
2067 2623 2220 2715 Ἶριν
2272 2629 2383 2696 καὶ
2446 2628 2559 2696 τὸν
2595 2624 2857 2713 ’Έρωτα

506 2737 618 2803 καὶ
676 2736 789 2802 τὸν
829 2733 1063 2824 Ἑρμῆν
1131 2774 1213 2784 -
1282 2744 1350 2801 et
1410 2738 1671 2820 proprie
1740 2737 1819 2800 de
1882 2737 2186 2800 Aristidis
2255 2735 2535 2818 quadam
2598 2735 2860 2817 pictura

505 2843 798 2925 quamvis
862 2839 1243 2923 imperfecta
1307 2839 1665 2904 clarissima
1729 2837 1997 2915 Plinius,
2073 2839 2183 2920 qui
2252 2840 2313 2901 in
2386 2837 2527 2903 Nat.
2587 2835 2754 2902 Hist.
2816 2839 2857 2901 l.

506 2945 766 3022 XXXV,
822 2944 943 3007 145
986 2944 1111 3008 hoc
1153 2943 1343 3008 modo
1389 2943 1588 3007 verba
1632 2941 1817 3007 facit:
1864 2941 2067 3019 „illud
2114 2962 2262 3006 vero
2293 2961 2603 3025 perquam
2636 2961 2854 3005 rarum

505 3069 585 3113 ac
626 3047 930 3112 memoria
975 3047 1259 3128 dignum,
1306 3045 1502 3109 etiam
1550 3065 1852 3127 suprema
1897 3066 2096 3127 opera
2146 3043 2468 3109 artificum
2513 3043 2857 3127 imperfec-

508 3158 741 3233 tasque
786 3148 1045 3214 tabulas
1098 3150 1270 3214 sicut
1311 3148 1442 3212 Irin
1490 3148 1798 3213 Aristidis
1860 3185 1942 3194 -
2006 3148 2069 3210 in
2139 3147 2379 3228 majore
2423 3145 2855 3210 admiratione

508 3274 647 3320 esse
691 3273 886 3336 quam
932 3250 1281 3335 perfecta“.
1370 3251 1703 3315 Invenitur
1748 3257 1963 3315 autem
1997 3249 2116 3313 Iris
2161 3252 2437 3332 primum
2482 3249 2547 3311 in
2595 3249 2857 3331 pictura

508 3378 677 3440 quae
723 3361 821 3421 est
874 3357 938 3418 in
994 3355 1161 3420 atrio
1223 3355 1402 3419 aedis
1446 3353 1876 3436 Pompejanae
1936 3372 2132 3434 quam
2195 3352 2523 3415 nominare
2578 3349 2857 3413 solemus

509 3479 661 3525 casa
715 3459 819 3523 del
886 3465 1081 3542 poeta
1135 3458 1408 3540 tragico,
1468 3477 1601 3539 qua
1661 3456 1741 3519 de
1801 3454 2083 3534 imagine
2135 3454 2270 3534 egit
2309 3452 2562 3535 Helbig,
2624 3452 2857 3518 Annal.

508 3563 572 3628 d.
620 3562 774 3627 Inst.
826 3560 1010 3638 1864,
1055 3581 1119 3642 p.
1164 3560 1292 3625 276
1336 3566 1403 3622 et
1449 3555 1976 3637 Wandgemalde‚
2024 3577 2082 3618 n.
2137 3556 2259 3618 114
2279 3558 2350 3637 ¹).
2429 3555 2680 3637 Magnis
2744 3576 2855 3618 ex-

507 3671 742 3730 ornata
786 3663 906 3728 alis
950 3670 1018 3727 et
1062 3669 1238 3727 veste
1281 3660 1476 3726 talari
1523 3679 1733 3723 comes
1778 3665 1878 3722 est
1921 3656 2213 3732 Junonis,
2277 3678 2446 3739 quae
2501 3657 2853 3722 secundum

509 3767 766 3832 Homeri
812 3772 1027 3831 notam
1077 3763 1363 3830 fabulam
1394 3762 1629 3827 ‘Jovem
1673 3761 1816 3826 adit
1857 3761 1921 3824 in
1969 3768 2187 3824 monte
2232 3760 2365 3825 Ida.
2454 3759 2629 3824 Talis
2683 3762 2853 3824 enim

507 3870 963 3953 interpretatio
1010 3889 1204 3951 quam
1250 3864 1485 3947 Helbig
1529 3865 1568 3927 l.
1614 3863 1656 3928 l.
1700 3863 2058 3947 proposuit,
2106 3863 2309 3927 multo
2354 3863 2561 3944 magis
2620 3861 2856 3927 idonea

506 3971 666 4038 mihi
710 3992 850 4037 esse
896 3971 1149 4039 videtur
1208 3988 1402 4053 quam
1448 3967 1614 4032 Gelli
1677 3966 2099 4049 propositum,
2162 3966 2274 4047 qui
2321 3964 2575 4028 Thetim
2623 3973 2689 4028 et
2732 3964 2852 4030 Pe-

507 4076 680 4140 leum
746 4073 871 4138 hac
934 4074 998 4136 in
1062 4072 1291 4138 tabula
1348 4071 1556 4154 pictos
1621 4090 1758 4133 esse
1822 4067 1976 4132 vult.
2068 4067 2204 4131 Dea
2258 4073 2482 4130 nostra
2537 4066 2662 4131 hoc
2714 4068 2856 4133 loco

512 4198 773 4244 munere
819 4177 1110 4258 fungitur
1155 4174 1346 4238 Iridis
1390 4167 1818 4255 γαμοστόλου,
1880 4171 2048 4233 sicut
2091 4169 2474 4234 Theocritus
2520 4189 2657 4233 eam
2707 4191 2856 4253 pro-

509 4281 692 4345 ducit
733 4280 797 4343 in
838 4278 1012 4362 idyll.
1052 4276 1251 4354 XVII,
1303 4275 1425 4340 133

507 4418 604 4474 ch.
643 4437 696 4471 n.
734 4417 956 4471 saeculo
996 4432 1029 4467 a
1063 4415 1347 4469 nonnullis
1374 4413 1506 4467 viris
1537 4412 1721 4465 doctis
1748 4428 1866 4463 esse
1893 4410 2172 4463 tributum
2221 4440 2275 4447 -
2319 4408 2391 4460 cf.
2416 4408 2648 4475 Teuffel,
2689 4408 2852 4462 Rom.

510 4505 797 4575 Litgseh.⁴
837 4522 889 4573 p.
926 4505 1049 4555 473.
1312 4502 1357 4566 ¹)
1398 4501 1467 4552 cf.
1508 4500 1652 4564 Gen,
1691 4497 2053 4566 Pompejana,
2095 4498 2169 4563 pl.
2208 4499 2293 4548 41.
