3092 4934
1604 356 1680 418 16

468 539 564 601 ita
608 544 858 602 mutata
916 545 1014 603 est
1070 546 1146 604 ut
1189 548 1550 623 satyrorum
1599 544 1740 609 loco
1787 545 2026 628 depicti
2072 547 2204 611 sint
2249 548 2541 612 centauri
2589 548 2701 630 qui
2749 555 2818 612 et

468 641 589 723 ipsi
659 639 842 704 deam
897 641 1072 704 Irida
1125 650 1375 725 petunt.
1478 643 1651 710 Bene
1717 649 1991 729 conjecit
2050 649 2287 733 Mayer,
2359 651 2553 714 etiam
2620 648 2814 731 hujus

467 743 760 824 picturae
790 745 1188 826 propositum
1231 747 1437 811 eidem
1466 748 1737 813 Achaeo
1766 758 1999 833 poetae
2026 751 2298 818 fortasse
2327 751 2815 818 attribuendum

469 865 626 922 esse,
674 848 781 927 (1111
831 846 893 909 111
941 846 1266 912 Ρο11111100
1296 850 1567 915 similem
1597 859 1796 936 atque
1827 853 1889 916 in
1929 853 2108 918 Iride
2140 853 2425 920 fabulam
2464 854 2813 939 satyricam

466 948 800 1030 scripsisse
846 950 1200 1015 censendus
1245 960 1433 1018 esset.

638 1067 980 1132 Praeterea
1032 1070 1283 1154 reliqua
1342 1080 1441 1137 est
1495 1073 1627 1138 alia
1691 1075 1859 1138 vasis
1923 1075 2179 1157 pictura
2244 1077 2309 1139 in
2380 1096 2512 1158 qua
2574 1074 2813 1140 femina

465 1170 643 1234 alata
707 1171 897 1235 Iridis
960 1173 1213 1237 nomine
1275 1174 1617 1258 designata
1684 1184 1798 1242 est.
1886 1178 2153 1261 Saepius
2220 1178 2302 1242 (10
2370 1178 2495 1243 1130
2559 1176 2812 1261 hydria,

466 1294 634 1354 (11130
678 1273 975 1338 Lutetiae
1020 1275 1161 1339 Par.
1207 1277 1270 1340 in
1321 1277 1697 1344 collectione
1728 1279 1953 1344 Wittei
2000 1287 2099 1344 est
2123 1283 2193 1365 1),
2244 1280 2628 1345 sententiam
2660 1301 2813 1361 pro-

468 1374 757 1440 tulerunt
801 1377 914 1439 viri
964 1378 1156 1456 docti,
1201 1402 1344 1445 cum
1391 1402 1620 1446 nomen
1653 1382 1811 1446 illud
1856 1381 2047 1446 Iridis
2079 1403 2345 1464 magnas
2370 1383 2812 1448 dubitationes

462 1485 764 1542 moveret.
855 1479 1072 1546 Facile
1131 1484 1297 1547 enim
1357 1484 1498 1548 fieri
1554 1486 1798 1568 potuit,
1855 1491 1931 1549 ut
1989 1485 2111 1550 hac
2156 1486 2219 1548 in
2267 1486 2526 1567 pictura
2579 1506 2810 1549 nomen

460 1580 622 1644 deae
668 1581 879 1646 Eridis
922 1603 1119 1664 quam
1176 1587 1347 1651 inter
1400 1588 1565 1652 duas
1621 1588 1972 1671 quadrigas
2015 1585 2282 1652 hostiles
2326 1609 2441 1653 suo
2486 1587 2626 1654 loco
2672 1607 2812 1651 esse

464 1704 648 1748 nemo
696 1685 978 1766 negabit,
1039 1678 1101 1750 in
1151 1687 1343 1752 Iridis
1387 1690 1658 1754 formam
1703 1697 1819 1755 aut
1861 1711 1901 1755 a
1944 1690 2194 1773 pictore
2241 1691 2381 1773 ipso
2427 1695 2542 1754 aut
2584 1695 2813 1773 postea

466 1793 1003 1870 corrumperetur.
1095 1789 1200 1854 Sic
1244 1792 1520 1873 primum
1569 1814 1702 1856 rem
1750 1791 2118 1876 explanavit
2160 1792 2198 1856 l.
2244 1793 2285 1856 l.
2332 1791 2650 1868 Gerhaffl,
2696 1792 2811 1856 sed

465 1895 687 1969 postea
739 1891 1061 1955 sententia
1117 1898 1367 1957 mutata
1423 1901 1640 1958 tamen
1691 1894 1863 1958 Irida
1921 1915 2057 1959 esse
2118 1894 2288 1960 113110
2350 1894 2534 1958 (103111
2584 1900 2809 1976 postu-

464 1991 625 2055 lavit
653 1996 724 2075 ²).
829 1993 1067 2058 Contra
1124 1994 1431 2059 Wieseler
1486 2017 1632 2061 mea
1691 1998 1950 2080 quidem
2010 1997 2330 2062 sententia
2389 2003 2563 2061 recte
2620 1997 2810 2059 deam

462 2094 638 2158 illam
698 2095 871 2159 Erim
934 2115 1072 2160 esse
1129 2100 1426 2180 exposuit
1451 2103 1522 2184 8).
1633 2099 1797 2164 Nam
1857 2099 2500 2182 circumspiciendum
2566 2106 2664 2162 est
2718 2097 2813 2162 fe-

465 2197 699 2261 minam
746 2197 925 2262 illam
970 2197 1211 2264 alatam
1273 2223 1440 2285 quae
1486 2201 1663 2265 nullo
1721 2202 1842 2265 nisi
1888 2199 2011 2265 alis
2057 2202 2365 2267 denotata
2410 2209 2508 2266 est
2553 2201 2808 2283 insigni,

465 2297 853 2364 simillimam
924 2324 1080 2385 prae
1145 2324 1213 2367 se
1280 2304 1447 2367 ferre
1515 2305 1792 2386 speciem
1860 2303 2117 2388 qualem
2182 2304 2468 2368 videmus
2532 2304 2594 2367 in
2666 2303 2811 2367 aliis

465 2402 678 2466 Eridis
710 2405 961 2468 nomine
992 2406 1342 2488 designatis
1371 2408 1644 2490 picturis
1664 2412 1718 2489 ⁴)
1766 2409 1855 2470 ita
1886 2412 1959 2471 111
1998 2413 2223 2471 0011113
2263 2407 2325 2469 id
2359 2426 2587 2470 nomen
2617 2405 2810 2469 Iridis

465 2505 568 2568 cui
614 2504 916 2569 facillime
959 2508 1260 2572 mendum
1309 2509 1532 2572 inferri
1581 2509 1816 2591 potuit,
1863 2508 2099 2573 nullius
2145 2509 2277 2573 fere
2321 2509 2625 2573 momenti
2670 2528 2810 2572 esse

460 2607 773 2672 videatur.

638 2729 816 2805 Quae
864 2751 1007 2793 cum
1054 2732 1147 2794 ita
1193 2732 1355 2808 sint,
1419 2731 1577 2794 nihil
1624 2731 1796 2795 valet
1840 2732 1906 2794 G.
1953 2731 2024 2794 F.
2073 2731 2419 2795 Hermanni
2466 2731 2809 2806 sententia,

463 2832 573 2914 qui
640 2853 760 2896 non
824 2832 1027 2897 solum
1088 2833 1278 2915 hujus
1339 2835 1505 2898 vasis
1566 2834 1749 2897 deam
1808 2833 1983 2898 Irida
2042 2854 2179 2898 esse
2222 2833 2392 2910 vult,
2453 2832 2568 2897 sed
2613 2834 2809 2897 etiam

461 2935 731 2999 similem
777 2936 980 3012 deam,
1028 2958 1195 3020 quae
1242 2936 1417 3000 nullo
1463 2936 1716 3000 nomine
1760 2936 1984 3001 addito
2029 2937 2096 2999 in
2142 2935 2374 3020 hydria
2415 2936 2812 3001 collectionis

462 3038 703 3102 Pizzati
762 3040 931 3102 inter
990 3039 1151 3103 duos
1185 3040 1450 3120 juvenes
1495 3045 1782 3104 armatos
1828 3040 2088 3123 depicta
2134 3046 2249 3116 est,
2305 3045 2533 3104 0011113
2575 3038 2812 3103 Roule—

461 3142 649 3217 zium,
681 3141 1009 3219 Witteum‚
1040 3142 1470 3206 Gerhardium
1498 3141 1688 3206 Iridis
1719 3163 1834 3225 pro
1865 3141 2081 3206 Eridis
2113 3142 2366 3205 nomine
2392 3141 2726 3205 denotavit
2746 3144 2811 3221 ⁵).

633 3261 958 3326 Habemus
1005 3263 1201 3344 igitur
1245 3264 1309 3325 in
1356 3263 1630 3344 picturis
1656 3262 1844 3326 modo
1889 3261 2192 3326 tractatis
2236 3267 2368 3324 tres
2415 3259 2604 3324 Iridis
2648 3260 2813 3324 ima-

462 3366 671 3447 gines,
730 3386 896 3447 quae
950 3365 1203 3428 nomine
1249 3365 1579 3448 adscripto
1626 3365 2022 3429 certissimae
2076 3385 2285 3445 neque
2331 3382 2477 3426 vero
2522 3361 2812 3444 ejusdem

462 3467 763 3550 ponderis
808 3474 961 3531 sunt
1004 3467 1088 3532 ad
1136 3475 1336 3532 totam
1384 3467 1840 3550 quaestionem.
1927 3464 2091 3528 Nam
2136 3464 2333 3528 tertia
2375 3464 2489 3529 illa
2532 3466 2812 3548 pictura,

464 3570 527 3632 in
574 3591 704 3650 qua
763 3590 907 3633 cum
962 3568 1222 3634 fabulae
1279 3571 1599 3654 satyricae
1653 3570 1973 3652 quaedam
2032 3587 2187 3650 pars
2229 3566 2492 3651 depicta
2536 3567 2642 3644 sit,
2689 3566 2814 3631 Iris

462 3671 586 3735 dea
630 3671 910 3736 caduceo
956 3679 1152 3750 caret,
1209 3678 1475 3756 propter
1522 3672 1686 3737 hauc
1730 3674 1937 3755 ipsam
1980 3671 2444 3754 proprietatem
2488 3668 2649 3732 nihil
2695 3689 2813 3734 nos

465 3773 544 3837 de
599 3773 882 3856 generali
943 3775 1104 3840 deae
1162 3783 1398 3840 natura
1461 3796 1538 3840 ac
1599 3774 1804 3839 forma
1848 3774 2081 3840 docere
2127 3779 2360 3857 potest.
2451 3771 2681 3853 Itaque
2726 3772 2812 3837 ad

463 3877 710 3959 priores
771 3877 934 3943 duas
988 3879 1275 3961 picturas
1336 3898 1774 3943 recurramus:
1848 3896 2011 3961 quas
2071 3878 2121 3942 si
2183 3877 2330 3960 quis
2387 3877 2812 3958 perspexerit,

462 4000 863 4044 communem
919 3982 1391 4063 quodammodo
1460 3981 1623 4046 deae
1687 3987 1753 4044 et
1816 3986 2111 4045 naturam
2173 3985 2239 4043 01
2291 3976 2564 4042 formam
2626 3979 2813 4043 nobis

463 4083 724 4147 tradere
765 4084 1100 4167 intelliget.
1195 4085 1522 4150 Ambabus
1568 4085 1736 4148 enim
1780 4085 1845 4147 in
1890 4083 2182 4166 picturis,
2231 4084 2401 4146 sicut
2434 4081 2571 4162 ja'm
2613 4100 2818 4164 supra

640 4301 680 4368 ¹)
721 4299 791 4353 cf.
832 4300 965 4354 Cab.
1005 4300 1254 4364 Durand,
1293 4317 1346 4353 n.
1391 4303 1484 4354 14:
1524 4298 1801 4366 Gerhard,
1840 4297 2058 4350 Auserl.
2095 4296 2220 4348 Vas.
2251 4296 2292 4362 Ι,
2322 4296 2407 4347 20.
2435 4296 2519 4346 21.
2664 4293 2705 4362 ⁹)
2743 4293 2817 4345 cf.

463 4387 591 4440 Ges.
631 4387 778 4441 Abh.
825 4388 886 4440 T.
926 4388 992 4448 X,
1030 4390 1081 4440 6.
1294 4389 1336 4453 ³)
1374 4388 1580 4441 Nacbr.
1626 4387 1678 4440 (1.
1719 4387 1877 4441 Gett.
1916 4385 2042 4438 Ges.
2087 4384 2237 4445 1885,
2292 4383 2369 4449 11,
2422 4399 2478 4449 p.
2517 4382 2604 4447 95,
2657 4381 2724 4433 A.
2765 4383 2815 4432 1.

462 4474 505 4537 ⁴)
547 4474 616 4528 cf.
681 4476 969 4543 Gerhard‚
1021 4475 1146 4529 Ges.
1206 4475 1354 4530 Abh.
1414 4475 1475 4534 T.
1524 4475 1590 4528 X.
1824 4471 1867 4541 ¹⁵)
1918 4472 1992 4526 cf.
2056 4472 2208 4525 Gott.
2273 4471 2393 4525 Gel.
2453 4469 2591 4522 Anz.
2657 4471 2815 4535 1845,

464 4580 521 4629 p.
558 4564 663 4616 269
691 4560 747 4615 ff.
