3092 4934
1366 298 1446 361 31

237 502 381 545 cum
429 480 598 546 hanc
642 482 827 546 deam
875 483 1218 564 pincernae
1263 504 1532 548 munere
1579 482 1756 565 fungi
1804 482 2010 547 solere
2054 485 2329 567 picturis
2384 504 2583 567 supra

235 585 540 648 tractatis
584 585 747 649 satis
790 584 947 648 mihi
981 585 1453 651 demonstrasse
1482 586 1722 651 videar.
1812 585 1906 648 De
1936 584 2188 651 duobus
2219 586 2364 651 aliis
2393 586 2585 667 hujus

235 688 491 768 generis
535 688 783 772 ectypis
827 686 1000 751 infra
1042 687 1274 753 melius
1308 689 1434 753 erit
1463 709 1657 771 agere
1689 694 1973 753 tractato
2001 690 2279 771 quodam
2312 690 2584 772 proximi

234 790 488 870 generis
532 789 844 874 exemplo.

406 891 714 974 Sequitur
759 915 929 958 nunc
973 901 1047 958 ut
1096 894 1177 958 de
1223 894 1412 961 Iridis
1457 893 1821 959 simulacris
1864 893 2095 976 loquar
2141 894 2379 976 quibus
2422 896 2583 958 arti-

231 993 386 1060 fices
434 1002 637 1060 totam
667 997 826 1060 deae
853 996 1127 1078 figuram
1157 996 1464 1078 effingere
1499 996 1886 1060 studuerint.
1976 996 2261 1073 Quorum
2306 997 2582 1080 primum

233 1096 481 1178 profert
523 1096 786 1174 Barker,
849 1097 1074 1163 Cilicia
1118 1120 1190 1164 or
1238 1099 1436 1163 Lares
1481 1099 1611 1163 and
1658 1097 1934 1163 Penates
1977 1120 2042 1181 p.
2098 1099 2235 1162 177.
2325 1098 2460 1162 Dea
2505 1120 2585 1162 ex

232 1199 465 1280 argilla
509 1200 686 1265 facta
728 1201 848 1265 alis
892 1202 1213 1267 instructa
1260 1209 1361 1266 est
1391 1208 1592 1283 atque
1623 1199 1922 1265 manibus
1955 1221 2151 1283 super
2177 1209 2376 1285 caput
2404 1208 2586 1265 tenet

232 1308 475 1365 sertum
550 1323 679 1383 quo
754 1324 977 1368 arcum
1041 1304 1230 1368 Iridis
1305 1303 1600 1368 fictorem
1678 1304 1923 1367 imitari
1998 1303 2272 1368 voluisse
2336 1304 2585 1368 Barker

233 1405 527 1486 sumpsit.
617 1405 740 1470 Sed
797 1406 1025 1471 dubito
1085 1427 1239 1471 num
1294 1413 1487 1471 recte.
1575 1406 1722 1470 Mea
1783 1408 1950 1470 onim
2017 1407 2342 1470 sententia
2403 1413 2581 1471 totus

230 1505 480 1587 figurae
526 1506 791 1572 habitus
839 1509 1160 1574 Victoriae
1205 1510 1906 1574 accommodatissimus
1963 1517 2080 1585 est,
2140 1528 2335 1591 quam
2390 1509 2576 1573 deam

234 1608 514 1674 effictam
593 1631 728 1675 esse
791 1611 915 1676 hoc
981 1612 1291 1695 opusculo
1357 1612 1647 1675 dixerim.
1766 1611 2056 1675 Alterum
2121 1611 2444 1675 invenitur
2510 1612 2576 1674 in

233 1711 611 1777 collectione
670 1713 995 1797 Borgiana
1058 1714 1251 1797 (Hirt,
1313 1713 1512 1799 Myth.
1559 1713 1841 1778 Bilderb.
1885 1735 1946 1795 p.
1994 1714 2141 1798 93);
2202 1713 2325 1778 hoc
2385 1713 2575 1783 Iridis

230 1814 644 1881 simulacrum
699 1837 778 1880 ex
835 1837 984 1881 aere
1043 1817 1288 1882 factum
1342 1815 1591 1881 alatum
1650 1822 1750 1879 est
1804 1822 1872 1880 et
1928 1815 1993 1878 in
2050 1815 2337 1879 humeris
2392 1822 2459 1880 et
2511 1817 2574 1880 in

229 1917 602 2000 poplitibus.
710 1918 804 1982 De
864 1920 1059 1983 tertio
1114 1919 1290 2000 quod
1335 1917 1589 2000 Helbig,
1653 1917 1774 1981 Die
1830 1916 2073 1982 offentl.
2120 1916 2575 2000 Sammlungen

232 2020 294 2083 in
331 2018 491 2084 Rom
535 2043 596 2084 n.
629 2019 751 2084 837
799 2021 1121 2104 producit,
1170 2028 1441 2103 propter
1471 2021 1688 2103 operis
1720 2019 2160 2085 mutilationes
2204 2019 2365 2083 nihil
2409 2023 2571 2085 certi

230 2122 358 2186 dici
402 2129 635 2204 potest.
724 2123 841 2188 Est
886 2123 1123 2190 femina
1182 2123 1266 2188 de
1323 2123 1504 2188 caelo
1565 2123 1853 2206 delapsa,
1913 2143 2081 2204 quae
2125 2129 2343 2187 utrum
2390 2123 2575 2188 Luna

230 2245 312 2289 an
360 2223 482 2289 Iris
526 2226 917 2290 nominanda
962 2227 1049 2291 sit
1094 2225 1326 2307 Helbig
1370 2247 1630 2309 quoque
1674 2225 1718 2290 l.
1765 2225 1806 2288 l.
1851 2225 2129 2289 dubitat.

402 2327 747 2392 Praeterea
793 2326 976 2392 nobis
1022 2329 1343 2410 agendum
1391 2335 1491 2393 est
1536 2328 1618 2392 de
1662 2328 1853 2392 Iridis
1897 2326 2242 2392 simulacro
2288 2329 2463 2410 quod
2506 2329 2572 2391 iu

231 2429 658 2495 Parthenonis
705 2430 966 2513 fastigio
1003 2430 1084 2495 ad
1117 2430 1266 2497 solis
1296 2451 1595 2496 occasum
1627 2438 1930 2513 vergente
1962 2429 2344 2495 collocatum
2374 2430 2573 2495 fuisse

229 2533 619 2598 censendum
661 2541 776 2597 est.
863 2534 982 2599 Est
1025 2535 1196 2598 enim
1237 2536 1407 2599 iuter
1438 2531 1863 2599 Parthenonis
1896 2531 2196 2597 mutilata
2224 2533 2573 2598 simulacra

229 2634 665 2717 fragmentum
721 2635 1048 2717 quoddam
1103 2636 1282 2711 deae,
1345 2636 1530 2717 cujus
1589 2637 1653 2698 in
1714 2634 1997 2719 scapulis
2056 2637 2383 2700 excavatis
2436 2636 2574 2700 alas

226 2739 504 2802 insertas
549 2737 748 2801 fuisse
793 2739 1149 2803 certissime
1193 2744 1412 2821 potest
1456 2737 1691 2819 colligi.
1778 2737 1962 2814 Quod
2007 2736 2440 2820 fragmentum
2487 2738 2570 2802 ab

225 2841 523 2904 omnibus
568 2839 702 2903 fere
747 2839 1007 2923 fastigio
1052 2840 1137 2906 ad
1173 2842 1482 2905 orientem
1514 2841 1836 2922 spectanti
1869 2839 2202 2904 addictum
2223 2846 2275 2923 1)
2321 2841 2568 2922 primus

224 2943 308 3004 ad
358 2940 637 3005 alterum
682 2940 1008 3024 fastigium
1056 2943 1459 3026 transposuit
1504 2942 1700 3021 Matz‚
1750 2944 1962 3006 Goett.
2011 2941 2144 3005 Gel.
2178 2943 2331 3005 Anz.
2383 2942 2564 3018 1871,

224 3066 283 3126 p.
329 3044 486 3108 1948
509 3042 597 3116 ff„
645 3064 788 3108 cum
823 3044 1204 3129 Carreyanis
1236 3046 1413 3109 nisus
1438 3045 1845 3109 lineamentis
1877 3044 2047 3108 hanc
2093 3044 2278 3107 deam
2324 3043 2567 3108 alatam

222 3153 372 3228 post
416 3145 702 3228 Neptuni
766 3168 1024 3211 currum
1083 3146 1448 3212 collocaret.
1537 3148 1773 3211 Tamen
1839 3148 1904 3210 in
1963 3167 2038 3211 eo
2099 3148 2339 3211 erravit
2392 3147 2566 3229 quod

222 3247 390 3313 hanc
435 3249 621 3313 deam
669 3247 899 3313 habuit
944 3249 1317 3326 Victoriam,
1385 3269 1556 3332 quae
1612 3250 1766 3332 quin
1814 3249 2138 3313 Minervae
2195 3250 2283 3313 sit
2340 3251 2568 3331 auriga

221 3350 489 3416 dubium
537 3371 675 3415 esse
722 3371 845 3414 non
892 3358 1108 3434 potest
1126 3359 1192 3430 ²).
1288 3353 1446 3416 Eam
1491 3352 1668 3415 Irida
1722 3371 1860 3416 esse
1918 3358 2116 3434 atque
2172 3351 2362 3416 simul
2418 3373 2563 3417 cum

223 3454 543 3519 Mercurio
574 3474 614 3517 a
642 3453 802 3518 Jove
834 3474 970 3520 esse
1002 3455 1344 3518 demissam
1375 3461 1451 3517 ut
1479 3456 1934 3536 pronuntiaret
1965 3455 2102 3535 ejus
2146 3457 2562 3532 voluntatem,

223 3557 469 3639 primus
513 3554 592 3619 H.
640 3555 858 3620 Brunn
924 3557 1242 3640 exposuit,
1305 3557 1610 3622 Berichte
1654 3557 1772 3620 der
1817 3555 2076 3622 Miinch.
2124 3558 2327 3622 Akad.
2379 3559 2561 3635 1874,

218 3680 280 3740 p.
325 3661 427 3735 24,
488 3678 767 3740 quocum
814 3658 1358 3742 Trendelenburg‚
1408 3660 1598 3724 Arch.
1648 3660 1789 3741 Ztg.
1844 3660 2023 3736 1880,
2084 3658 2125 3722 l.
2172 3680 2371 3743 supra
2414 3661 2454 3724 l.
2499 3662 2561 3724 in

217 3762 512 3825 universo
560 3761 895 3825 consentit.
985 3760 1398 3827 Manifestum
1444 3771 1564 3839 est,
1611 3762 1782 3826 Iride
1827 3763 2006 3826 alata
2049 3761 2265 3827 hocin
2297 3763 2560 3845 fastigio

219 3864 536 3928 collocata
581 3864 768 3927 deam
813 3884 937 3927 non
988 3862 1227 3928 alatam
1275 3886 1445 3946 quae
1488 3867 1553 3929 in
1602 3865 1810 3929 altero
1856 3864 2113 3945 fastigio
2159 3864 2350 3929 Iridis
2395 3887 2561 3930 nun-

216 3967 349 4029 tiae
393 3970 614 4047 partes
662 3986 855 4047 agere
900 3966 1082 4044 solet,
1131 3965 1258 4029 alio
1299 3967 1552 4029 nomine
1596 3966 1952 4031 notandam
1983 3986 2150 4043 esse3
2195 3967 2418 4049 itaque
2446 3969 2558 4050 qui

214 4067 574 4132 sententiae
620 4066 916 4149 prolatae
972 4075 1403 4144 accesserunt,
1453 4067 1859 4133 Welckerum
1905 4069 2108 4133 secuti
2157 4067 2560 4153 Oreithyiam

212 4168 392 4234 illam
439 4169 944 4234 nominaverunt.

384 4270 525 4347 Qua
570 4293 714 4336 cum
757 4272 1037 4355 imagine
1083 4273 1451 4337 certaminis
1493 4273 1668 4336 inter
1694 4273 2045 4339 Minervam
2093 4282 2158 4340 et
2188 4276 2557 4360 Neptunum

391 4408 431 4476 ¹)
471 4379 894 4473 Jffil'ohaelis,
932 4409 1269 4473 Parthenon,
1308 4411 1369 4464 T.
1403 4409 1494 4473 VI,
1531 4410 1585 4463 J.
1731 4411 1774 4478 2)
1811 4410 1884 4466 cf.
1921 4412 2205 4478 Peterson,
2240 4413 2425 4465 Kunst
2458 4412 2557 4465 des

209 4495 471 4551 Pheidias
509 4515 563 4565 p.
608 4499 723 4550 168.
