3092 4934
1637 339 1719 404 12

489 526 856 608 suscipitur,
904 527 1025 590 nisi
1063 527 1243 608 justa
1287 547 1483 591 causa
1527 526 1765 604 obstat,
1828 528 2182 593 Victoriam
2227 528 2413 592 deam
2459 527 2541 593 ab
2588 526 2839 592 artifice

486 627 705 692 fictam
767 649 904 692 esse
957 629 1342 704 contendere
1406 650 1528 693 non
1574 629 1906 695 dubitabo,
1997 630 2159 695 Nam
2207 633 2367 696 baec
2411 633 2621 714 prima
2666 631 2834 694 ratio

486 731 832 814 praecipue
876 732 940 793 in
989 731 1181 794 rebus
1228 732 1733 814 archaeologicis
1768 753 1906 797 esse
1934 732 2144 809 debet,
2193 742 2269 798 ut
2314 755 2354 798 a
2396 734 2590 798 rebus
2637 734 2833 797 certis

486 840 737 921 tantum
796 834 1197 897 considerate
1250 834 1741 917 progrediamur
1798 835 1879 899 ad
1934 855 2038 899 res
2102 837 2409 912 incertas;
2479 837 2579 900 sin
2633 835 2833 916 igitur

485 938 776 1018 quamvis
822 956 1158 1018 personam
1191 937 1255 998 in
1303 936 1597 1018 qualibet
1641 940 1900 1020 pictura
1930 944 2107 1002 certo
2140 946 2428 1004 notatam
2474 939 2834 1002 invenimus

486 1040 767 1115 nomine,
824 1040 940 1101 nisi
995 1037 1162 1101 forte
1221 1038 1448 1103 leviter
1506 1039 1881 1121 suspicandi
1938 1062 2055 1123 pro
2117 1047 2423 1107 accurate
2483 1039 2830 1103 definiendi

482 1143 733 1205 ratione
807 1140 905 1204 uti
962 1140 1276 1216 volumus,
1351 1141 1539 1205 simili
1600 1143 1932 1207 occasione
1988 1144 2211 1208 eadem
2270 1163 2546 1226 persona
2608 1141 2831 1207 eodem

483 1244 734 1307 nomine
778 1241 1204 1324 significanda
1247 1250 1364 1308 est.

653 1364 794 1441 Qua
839 1365 1089 1428 ratione
1136 1385 1290 1428 usus
1337 1364 1690 1428 Victoriam
1735 1365 2080 1446 pincernae
2125 1386 2358 1430 munus
2405 1366 2584 1431 obire
2630 1366 2827 1429 etiam

478 1469 544 1530 in
590 1466 720 1531 alia
776 1467 1035 1548 pictura
1079 1467 1382 1542 dixerim,
1443 1488 1575 1549 qua
1634 1468 1848 1550 pictor
1908 1467 2203 1533 ultimam
2267 1475 2495 1551 raptus
2561 1467 2826 1532 Proser-

477 1572 670 1652 pinae
726 1575 978 1650 partem
1032 1570 1097 1632 in
1160 1578 1573 1652 conspectum
1632 1570 1810 1633 dedit
1840 1574 1906 1652 1).
1993 1569 2119 1634 Res
2178 1591 2374 1652 quam
2430 1568 2667 1634 artifex
2713 1569 2825 1632 de-

475 1672 688 1754 pinxit
734 1671 793 1732 in
844 1670 1118 1754 Olympo
1163 1672 1414 1753 agitur3
1469 1679 1570 1736 est
1622 1679 1839 1736 autem
1902 1671 1982 1734 de
2029 1672 2279 1736 Cereris
2340 1673 2555 1754 gratia
2599 1692 2827 1737 recon—

475 1772 729 1837 ciliata:
785 1773 850 1834 in
897 1772 1127 1836 dextra
1170 1780 1357 1855 parte
1400 1772 1702 1856 Juppiter
1747 1772 1929 1837 sedet
1974 1772 2183 1838 altera
2236 1795 2430 1839 manu
2476 1775 2826 1858 scipionem

475 1883 717 1951 tenena
761 1874 967 1939 altera
1010 1882 1303 1957 pateram
1335 1875 1582 1940 libandi
1615 1895 1813 1940 causa
1842 1875 2192 1958 porrigens,
2241 1876 2628 1959 Proserpina
2671 1882 2824 1941 ante

475 1999 619 2043 eum
673 1983 807 2042 stat
858 1976 1181 2042 balaustio
1234 1979 1570 2056 denotata,
1635 1977 1826 2043 Ceres
1894 1978 1957 2041 in
2023 1999 2216 2043 curru
2274 1979 2446 2045 alato
2506 1978 2825 2045 collocata

474 2081 731 2144 sinistra
785 2081 851 2143 in
909 2101 1103 2143 manu
1159 2081 1466 2145 nonnulla
1521 2102 1850 2164 papavera
1907 2079 2107 2145 habet
2150 2080 2386 2163 quibus
2430 2083 2642 2165 pictor
2686 2084 2823 2146 sine

474 2185 668 2249 dubio
713 2181 1076 2265 significare
1120 2182 1348 2260 voluit,
1407 2184 1641 2248 dehinc
1699 2190 1941 2247 terram
1995 2183 2205 2248 denuo
2252 2185 2470 2266 fruges
2517 2185 2820 2249 daturam

475 2307 631 2365 esse,
689 2285 919 2350 dextra
977 2285 1146 2351 sicut
1192 2286 1494 2370 Juppiter
1539 2292 1833 2369 pateram
1878 2288 2153 2368 porrigit
2197 2287 2281 2352 ad
2327 2287 2677 2351 libandum.
2767 2289 2820 2350 A

471 2390 735 2454 sinistra
786 2395 1000 2452 autem
1058 2387 1307 2454 Cereris
1366 2396 1555 2472 parte
1628 2388 1867 2453 femina
1920 2388 2181 2470 depicta
2238 2395 2337 2453 est
2390 2390 2640 2471 magnis
2696 2389 2819 2454 alis

467 2490 789 2554 instructa
834 2497 900 2553 et
941 2490 1134 2554 talari
1176 2491 1403 2555 induta
1445 2497 1639 2567 veste,
1698 2511 1867 2572 quae
1906 2491 2138 2554 dextra
2177 2490 2242 2553 in
2287 2511 2482 2554 manu
2524 2491 2816 2556 hirneam

469 2602 697 2656 tenens
755 2592 837 2656 ab
892 2593 1100 2657 altera
1159 2592 1396 2657 femina
1455 2592 1674 2657 aditur
1730 2599 1804 2655 ut
1860 2593 1923 2654 in
1982 2600 2273 2674 pateram
2321 2591 2620 2658 infundat
2663 2615 2815 2677 por-

469 2702 733 2759 rectam.
824 2694 1007 2761 Illam
1053 2696 1353 2760 feminam
1397 2694 1781 2759 simillimam
1828 2694 2000 2776 quod
2054 2694 2137 2758 ad
2196 2715 2425 2758 munus
2468 2695 2818 2777 pincernae

468 2799 706 2863 attinet
764 2797 1150 2879 imaginibus
1210 2819 1408 2881 supra
1459 2799 1592 2879 jam
1656 2798 1983 2872 tractatis,
2042 2796 2391 2861 Victoriam
2448 2798 2817 2881 depinxisse

467 2901 777 2967 artificem
824 2920 1198 2983 persuasum
1247 2900 1399 2963 mihi
1445 2900 1670 2963 habeo.
1779 2899 1913 2963 Hoc
1960 2898 2126 2961 enim
2172 2919 2425 2981 semper
2467 2902 2816 2965 tenendum

469 3013 584 3081 est,
636 3005 699 3067 in
764 3012 1049 3068 veterum
1110 3010 1250 3068 arte
1304 3024 1428 3067 non
1475 3002 1681 3066 solum
1723 3002 1893 3066 inter
1935 3003 2257 3065 variorum
2304 3023 2605 3084 generum
2653 3005 2816 3069 arti-

465 3106 619 3171 fices
650 3106 969 3189 quendam
1015 3126 1369 3170 connexum
1417 3103 1632 3180 fuisse,
1680 3106 1791 3170 sed
1824 3107 2018 3170 etiam
2049 3106 2333 3186 ejusdem
2364 3107 2615 3185 generis
2661 3126 2814 3188 par-

463 3211 692 3292 ticipes
749 3208 922 3291 quod
985 3208 1066 3272 ad
1123 3209 1259 3289 ejus
1328 3208 1661 3291 proposita
1722 3216 1789 3272 et
1851 3208 2134 3271 rationes
2199 3209 2511 3290 pertinet,
2580 3229 2814 3290 magno

465 3310 714 3376 vinculo
774 3313 944 3374 inter
1002 3331 1141 3375 sese
1194 3311 1391 3374 fuisse
1451 3311 1853 3392 conjunctOS,
1916 3330 2058 3373 cum
2119 3309 2307 3373 aliter
2351 3331 2599 3375 summa
2643 3331 2813 3393 quae

466 3422 564 3479 est
603 3413 929 3477 interdum
974 3413 1144 3477 inter
1188 3413 1584 3477 diversorum
1632 3410 1959 3477 artificum
2005 3431 2223 3493 opera,
2269 3412 2467 3477 veluti
2515 3434 2810 3477 vasorum

463 3518 782 3599 picturas,
844 3515 1169 3580 consensio
1227 3515 1484 3578 minime
1552 3514 1756 3597 possit
1815 3512 2158 3576 enucleari.
2267 3514 2533 3579 Accedit
2591 3524 2808 3580 autem

461 3620 632 3702 quod
682 3639 973 3682 vasorum
1039 3619 1320 3701 pictores
1376 3636 1538 3699 quos
1597 3636 1813 3678 omnes
1868 3614 2336 3679 eruditissimos
2392 3616 2628 3682 ducere
2689 3618 2811 3682 bo-

465 3723 660 3787 mines
704 3721 793 3785 nil
839 3741 953 3785 nos
989 3721 1193 3802 jubet,
1240 3722 1305 3783 in
1352 3719 1544 3784 rebus
1590 3717 1975 3800 quibusdam
2024 3720 2467 3800 excogitandis
2511 3727 2627 3783 aut
2671 3721 2812 3784 imi-

462 3827 675 3891 tandis
721 3826 1003 3888 diversos
1049 3824 1203 3887 deos
1246 3821 1344 3887 vel
1389 3822 1544 3885 deas
1592 3819 1813 3884 eadem
1855 3820 2061 3886 forma
2107 3831 2171 3887 et
2219 3822 2573 3904 insignibus
2618 3844 2808 3905 prae-

461 3929 628 3993 ditos
676 3930 1063 4001 invenerunt,
1113 3928 1207 3989 ita
1251 3931 1325 3988 ut
1368 3922 1505 3986 fieri
1553 3929 1789 4006 posset,
1851 3932 1925 3988 ut
1968 3947 2048 3989 ne
2093 3924 2326 3990 artifici
2375 3922 2501 4006 ipsi
2545 3924 2806 4005 quidem

459 4032 754 4113 liqueret,
802 4029 1054 4111 qualem
1101 4028 1291 4092 deum
1335 4027 1434 4091 vel
1478 4027 1665 4092 deam
1697 4026 2076 4110 depingeret
2119 4027 2219 4091 vel
2259 4026 2573 4091 imitando
2621 4024 2806 4089 effin-

460 4141 642 4217 geret
688 4135 746 4196 in
795 4133 1067 4214 pictura.
1159 4130 1263 4194 Sic
1295 4149 1492 4212 supra
1529 4131 1661 4211 jam
1694 4132 1956 4212 exposui
2006 4139 2252 4212 quanta
2280 4129 2603 4195 dubitatio
2638 4139 2808 4195 esset

459 4237 540 4300 de
584 4256 855 4319 persona
900 4233 1091 4297 Iridis
1137 4240 1203 4296 et
1232 4232 1555 4296 Victoriae
1586 4231 1851 4296 dearum
1878 4233 2105 4297 iisdem
2134 4233 2495 4314 insignibus
2526 4235 2806 4298 instruc-

457 4347 690 4403 tarum.
779 4337 991 4418 Atque
1049 4333 1274 4398 iisdem
1334 4336 1520 4412 notis,
1584 4336 1834 4416 magnis
1877 4333 1998 4399 alis
2045 4341 2109 4398 et
2154 4334 2455 4412 caduce0,
2505 4336 2806 4418 praedita

633 4550 673 4613 1)
715 4549 787 4602 cf.
829 4548 972 4600 Ann.
1014 4546 1066 4598 d.
1107 4546 1241 4599 Inst.
1287 4546 1442 4609 1850,
1483 4546 1614 4605 1113
1656 4546 1768 4596 tav.
1809 4543 1992 4612 d'agg.
2034 4544 2100 4595 G.
