3092 4934
1419 376 1503 439 25

284 559 547 624 Veneris
590 580 818 638 comes,
880 560 1078 637 Hebe,
1141 583 1353 628 comes
1397 562 1691 639 Junonis,
1755 562 1918 641 Eris,
1973 561 2252 638 Themis,
2308 561 2631 645 Juppiter.

282 662 384 727 Ad
427 662 552 729 hoc
596 664 1023 747 conspicimus
1069 665 1232 733 duas
1275 666 1644 749 quadrigas,
1710 685 1985 747 quarum
2030 664 2094 728 in
2141 663 2351 730 altera
2393 663 2633 728 femina

280 765 461 830 alata
502 767 745 830 rectrix
792 764 1108 834 collocata
1150 775 1278 845 est,
1343 769 1407 832 in
1468 767 1679 833 altera
1722 767 1958 832 femina
2002 765 2175 831 nullo
2222 765 2350 831 alio
2398 766 2632 848 insigni

279 868 403 932 nisi
464 868 724 934 stimulo
786 870 1130 935 instructa.
1231 870 1559 935 Feminam
1619 870 1900 953 priorem
1959 869 2202 934 alatam
2245 889 2414 950 quae
2455 867 2633 932 Jovis

280 969 667 1052 quadrigam
709 973 912 1055 regit,
974 979 1152 1038 recte
1196 972 1510 1057 Stephani
1573 972 1730 1036 mihi
1778 971 2035 1037 videtur
2077 971 2438 1056 appellasse
2482 970 2633 1035 Vic-

279 1074 544 1148 toriam3
593 1073 868 1138 alteram
923 1096 1119 1159 quam
1177 1075 1218 1140 J
1221 1076 1450 1140 unonis
1508 1094 1649 1139 esse
1718 1076 2013 1158 aurigam
2068 1073 2455 1140 censendum
2513 1079 2631 1150 est,

282 1177 377 1239 vir
438 1176 666 1241 doctus
724 1176 900 1243 Irida
961 1197 1098 1242 esse
1161 1177 1316 1243 vult.
1403 1178 1612 1256 Quam
1657 1175 2190 1260 significationem
2238 1196 2632 1260 quamquam

280 1277 441 1343 haec
497 1278 618 1343 Iris
676 1279 855 1345 nulla
905 1279 1246 1363 designata
1300 1287 1399 1346 est
1452 1288 1637 1359 nota,
1700 1287 1914 1346 tamen
1981 1285 2057 1344 ut
2113 1280 2180 1343 in
2233 1278 2360 1345 hac
2413 1285 2633 1363 poste-

278 1381 470 1445 rioris
533 1383 845 1466 temporis
907 1383 1166 1466 pictura
1221 1384 1623 1467 probabilem
1685 1403 1894 1466 nequo
1962 1403 2111 1447 vero
2179 1389 2425 1448 certam
2492 1402 2631 1447 esse

277 1502 463 1548 nemo
518 1483 807 1567 negabit,
878 1487 1259 1570 praesertim
1333 1508 1476 1553 cum
1546 1486 1742 1551 etiam
1811 1487 1872 1550 in
1931 1486 2123 1568 hujus
2186 1486 2438 1568 generis
2502 1485 2633 1551 alia

276 1585 559 1667 imagine
630 1605 826 1670 supra
907 1586 1085 1654 alata
1165 1588 1286 1653 Iris
1363 1589 1732 1654 inveniatur
1812 1589 2085 1655 Junonis
2166 1590 2434 1673 propria
2512 1588 2632 1654 ad-

279 1688 589 1753 ministra.

449 1791 673 1875 Neque
733 1791 925 1857 aliter
981 1794 1063 1859 de
1116 1794 1326 1861 altera
1370 1795 1565 1877 hujus
1609 1796 1865 1877 generis
1908 1795 2169 1879 pictura
2203 1794 2629 1877 judicandum

276 1895 383 1968 sit,
428 1914 559 1976 qua
587 1892 819 1977 hydria
850 1894 1022 1964 Mus.
1054 1897 1285 1976 Berol.,
1318 1897 1781 1981 Furtwiingler,
1816 1905 1940 1962 cat.
1973 1920 2034 1962 n.
2067 1899 2265 1973 3290;
2312 1897 2627 1974 Gerhard,

281 1996 467 2079 Apul.
511 1996 660 2066 Vas.
700 1996 873 2076 XIII,
920 2006 1233 2066 exornata
1279 2007 1394 2065 est.
1484 2000 1624 2065 Hoc
1668 2021 1926 2083 quoque
1970 2000 2033 2064 in
2079 2021 2229 2066 vase
2270 2000 2632 2084 permultae

275 2119 589 2182 personae
648 2099 944 2185 depictae
1000 2109 1167 2182 sunt,
1228 2104 1310 2168 de
1366 2103 1605 2186 quibus
1666 2101 2116 2168 difficillimum
2180 2111 2280 2169 est
2313 2102 2627 2186 judicium

275 2202 463 2267 ferre.
561 2202 1007 2287 Furtwiingler
1060 2205 1414 2272 Victoriam
1473 2207 1637 2272 dicit
1698 2207 1992 2271 comitem
2052 2206 2402 2285 Minervae,
2457 2206 2633 2271 Irida

275 2307 572 2371 comitem
639 2305 932 2372 Junonis.
1022 2308 1288 2374 Femina
1355 2330 1549 2393 quam
1606 2309 1730 2374 hoc
1787 2309 2042 2374 nomine
2086 2309 2406 2393 appellat,
2465 2309 2635 2374 infra

276 2407 576 2501 Paridem
622 2409 850 2474 sedens
878 2409 1138 2493 depicta
1168 2417 1270 2477 est
1313 2410 1783 2491 calceamentis,
1829 2413 2071 2490 tunica,
2120 2433 2351 2497 magno
2396 2419 2631 2478 ornatu

276 2532 487 2593 neque
531 2532 683 2575 vero
716 2511 837 2576 alis
865 2519 984 2578 aut
1013 2513 1295 2580 caduceo
1326 2515 1645 2598 praedita.
1739 2515 1808 2579 ln
1843 2515 2075 2581 dextra
2104 2536 2300 2581 manu
2329 2535 2625 2597 magnam

274 2620 457 2678 tenet
497 2620 814 2697 pateram.
903 2614 1082 2692 Quae
1141 2637 1286 2681 cum
1341 2618 1436 2682 ita
1496 2618 1629 2682 sint
1672 2625 1871 2701 atque
1914 2625 2255 2702 praeterea
2296 2618 2628 2702 superiore

275 2716 341 2779 in
401 2717 662 2799 pictura
718 2716 1063 2783 viderimus
1133 2718 1356 2784 Heben
1432 2719 1703 2786 Junonis
1760 2722 2089 2800 comitem,
2153 2720 2377 2787 eodem
2437 2720 2626 2784 modo

276 2838 406 2900 quo
454 2837 655 2902 supra
689 2819 1114 2903 judicandum
1161 2841 1301 2888 esse
1348 2822 1502 2888 mihi
1546 2823 1820 2889 videtur.

446 2921 665 2986 Tertia
708 2921 789 2986 de
832 2945 966 3005 qua
1004 2924 1349 2991 dicendum
1393 2933 1496 2992 est
1539 2926 1740 2991 dubia
1781 2925 1972 2992 Iridis
2015 2928 2246 3010 imago,
2305 2925 2628 2989 invenitur

273 3025 339 3088 in
388 3044 539 3088 vase
584 3023 745 3089 Mus.
787 3024 948 3090 Brit.
993 3032 1115 3091 cat.
1162 3049 1221 3091 n.
1252 3029 1392 3093 727.
1479 3029 1792 3113 Depinxit
1835 3029 2072 3094 artifex
2103 3027 2438 3094 Herculem
2484 3027 2626 3110 lyra

275 3133 633 3205 canentem,
695 3134 847 3193 ante
917 3149 1062 3195 eum
1116 3129 1417 3195 feminam
1460 3131 1734 3209 alatam,
1797 3153 1965 3214 quae
2011 3132 2213 3217 digito
2261 3138 2624 3215 temporum

270 3229 612 3296 intervalla
682 3232 915 3314 signat.
1024 3231 1211 3297 Hanc
1275 3233 1459 3299 deam
1530 3233 1710 3300 nulla
1771 3233 1903 3300 alia
1966 3242 2123 3301 nota
2188 3234 2621 3318 significatam

270 3333 450 3399 Irida
482 3353 620 3399 esse
649 3333 928 3416 catalogi
960 3331 1131 3399 Mus.
1165 3333 1323 3400 Brit.
1357 3337 1569 3401 editor
1602 3338 1874 3414 censuit,
1921 3338 2092 3421 quod
2128 3359 2260 3422 qua
2306 3337 2387 3403 de
2426 3357 2624 3402 causa

278 3437 507 3502 fecerit
565 3439 797 3503 nescio.
911 3436 1135 3520 Neque
1192 3440 1357 3504 enim
1414 3440 1770 3523 quidquam
1826 3446 1925 3505 est
1976 3441 2150 3523 quod
2204 3440 2378 3505 Irida
2434 3440 2621 3504 deam

271 3541 517 3603 arctius
575 3541 1035 3622 conjungamus
1095 3562 1239 3606 cum
1293 3540 1573 3607 Hercule
1633 3541 1803 3607 sicut
1861 3541 1983 3608 hac
2038 3543 2100 3607 in
2164 3544 2423 3627 pictura
2481 3543 2621 3626 lyra

274 3648 580 3717 canente3
628 3648 839 3707 totum
885 3664 1013 3726 quo
1061 3642 1230 3709 hanc
1274 3645 1462 3709 deam
1492 3643 1735 3709 alatam
1780 3644 1885 3709 hic
1916 3644 2288 3727 fungentem
2333 3646 2624 3711 videmus

270 3759 513 3810 munus·
542 3751 769 3829 aptum
819 3751 918 3810 est
960 3743 1301 3811 Musarum
1347 3745 1602 3812 cuidam
1647 3768 1856 3830 neque
1899 3768 2140 3832 ponere
2184 3748 2429 3826 dubito,
2477 3769 2620 3813 cum

268 3846 664 3931 Porphyrius
721 3848 801 3912 de
858 3848 1250 3914 abstinentia
1293 3849 1382 3915 III
1400 3899 1416 3926 ,
1470 3850 1547 3914 16
1605 3853 1866 3933 proprie
1919 3857 2199 3917 testetur
2251 3851 2463 3917 verbis
2505 3848 2624 3927 τὰς

270 3948 344 4015 δὲ
400 3946 654 4031 μούσας
710 3948 1092 4035 ἐπτέρωσαν
1151 3953 1347 4016 etiam
1404 3952 1616 4017 alatas
1679 3973 1817 4017 esse
1876 3953 2064 4019 fictas
2124 3955 2206 4020 ab
2264 3955 2622 4022 artificibus

270 4053 491 4118 Musas
533 4060 731 4135 atque
776 4054 840 4117 in
893 4055 1154 4137 pictura
1184 4075 1353 4137 quae
1384 4055 1641 4120 reddita
1686 4062 1786 4121 est
1829 4057 1892 4121 in
1924 4056 2093 4123 Mon.
2126 4058 2187 4122 d.
2217 4058 2371 4124 Inst.
2402 4059 2452 4136 1,
2485 4061 2547 4137 ἵ),
2580 4060 2620 4122 3

270 4156 455 4221 Musa
500 4156 681 4220 alata
724 4163 1152 4239 persequatur
1187 4156 1558 4241 Thamyrin,
1606 4158 1730 4224 hac
1774 4181 2030 4243 quoque
2076 4163 2139 4225 in
2186 4163 2459 4243 imagine
2506 4182 2621 4225 nos

271 4259 514 4324 habere
557 4258 882 4341 depictam
929 4259 1179 4325 Musam
1223 4259 1485 4325 alatam.

438 4360 775 4425 Postrema
817 4361 1001 4427 nobis
1044 4363 1390 4427 tractanda
1421 4371 1522 4428 est
1549 4367 1717 4429 vasis
1745 4368 2005 4449 pictura
2048 4366 2129 4430 de
2173 4387 2304 4449 qua
2350 4372 2621 4447 egerunt

268 4464 542 4541 Roulez,
606 4463 829 4527 Annal.
889 4463 952 4528 d.
1021 4464 1177 4529 Inst.
1230 4466 1425 4545 1847,
1488 4490 1551 4551 p.
1596 4469 1751 4545 275,
1814 4465 2362 4547 Trendelenburg,
2426 4466 2616 4529 Arch.

268 4567 411 4649 Ztg.
468 4567 661 4644 1880,
726 4565 766 4629 l.
810 4585 1006 4650 supra
1052 4567 1094 4631 l.
1144 4565 1503 4651 Millingen,
1552 4568 1759 4635 Peint.
1818 4570 1881 4634 d.
1940 4589 2066 4635 vas.
2113 4586 2328 4650 grecS,
2383 4565 2469 4653 pl.
2515 4567 2616 4633 36.
