3092 4934
1585 370 1667 434 28

456 554 667 636 vergit
694 555 766 638 ¹).
861 554 1130 621 Effinxit
1186 556 1421 622 artifex
1481 556 1749 622 deorum
1804 557 2168 633 consilium3
2229 558 2534 642 Juppiter
2591 559 2806 623 media

371 710 376 714 .
458 657 520 720 in
566 655 844 740 imagine
898 656 1150 724 effictus
1204 666 1333 736 est,
1393 660 1590 725 ceteri
1647 659 1751 723 dei
1813 681 1855 724 a
1912 661 2177 726 sinistra
2232 667 2297 725 et
2343 661 2574 726 dextra
2617 668 2806 744 parte

462 759 547 823 ad
594 757 772 825 illum
819 761 1199 843 procedunt.
1289 761 1410 827 Iris
1463 769 1683 828 autem
1733 783 1810 826 ea
1854 763 1977 827 dea
2019 764 2208 846 vulgo
2262 762 2575 842 habetur,
2638 785 2808 848 quae

457 860 768 926 Junonem
824 862 889 926 in
948 862 1108 928 solio
1153 863 1532 930 collocatam
1589 885 1842 929 movere
1885 866 2105 932 studet
2149 874 2225 933 ut
2268 868 2439 931 sicut
2484 868 2682 931 ceteri
2726 867 2809 931 ad

460 963 680 1029 Jovem
729 966 1228 1050 appropinquet.

629 1083 827 1161 Quem
886 1085 1490 1167 interpretat-ionem
1551 1107 1944 1169 quamquam
1999 1086 2162 1152 haec
2204 1087 2328 1151 Iris
2372 1087 2551 1152 nullo
2597 1087 2812 1171 desig-

460 1192 615 1250 nata
644 1186 898 1252 videtur
936 1187 1191 1269 insigni,
1236 1187 1639 1271 probabilem
1684 1210 1892 1273 neque
1935 1210 2084 1253 vero
2127 1196 2370 1254 certam
2417 1210 2557 1254 esso
2600 1192 2811 1274 quivis

448 1288 799 1369 judicabit,
859 1311 1004 1355 cum
1064 1296 1131 1355 et
1187 1289 1301 1356 illa
1356 1290 1481 1357 dea
1535 1291 1809 1357 ‚Iunonis
1866 1291 2247 1357 administra
2303 1312 2443 1357 esse
2484 1292 2802 1370 videatur,

459 1392 561 1455 cui
607 1392 852 1457 muneri
902 1399 1064 1476 apta
1114 1399 1213 1457 est
1254 1392 1409 1472 Iris,
1473 1399 1540 1457 et
1602 1413 1827 1458 rursus
1869 1399 2081 1459 totum
2127 1415 2290 1478 opus
2333 1401 2468 1460 tam
2509 1395 2812 1460 mutilum

459 1494 563 1571 sit,
610 1501 685 1558 ut
728 1501 909 1560 certa
953 1495 1346 1561 constituere
1393 1516 1520 1561 non
1565 1496 1907 1579 possimus.

631 1615 728 1679 De
782 1614 988 1680 altero
1054 1614 1246 1697 hujus
1310 1614 1566 1699 generis
1632 1636 1826 1698 opere
1891 1617 1960 1680 in
2030 1619 2306 1701 metopis
2380 1617 2811 1685 Parthenonis

461 1736 657 1801 supra
702 1716 941 1795 allatis,
982 1718 1049 1781 in
1097 1717 1333 1801 quibus
1364 1717 1629 1782 deorum
1659 1738 1945 1802 pugnam
1979 1741 2121 1785 cum
2150 1720 2541 1802 Gigantibus
2571 1722 2815 1788 factam

462 1818 852 1884 effinxerunt
881 1818 1181 1897 artifices,
1217 1818 1512 1903 pluribus
1542 1819 1753 1884 verbis
1783 1822 1917 1903 egit
1946 1822 2187 1888 Robert
2218 1823 2589 1908 Arch.-Ztg.
2621 1825 2808 1903 1884,

461 1944 524 2005 p.
557 1924 636 1987 47
670 1921 735 1987 ff.
808 1923 905 1988 Ex
938 1923 1234 1988 omnibus
1264 1943 1431 2005 quae
1464 1922 1601 1989 illic
1631 1923 1906 2006 protulit
1934 1924 2020 1989 ad
2050 1933 2337 1990 nostram
2370 1929 2814 2009 quaestionem

463 2048 539 2090 ea
592 2032 848 2091 tantum
906 2026 1232 2109 pertinent
1286 2046 1453 2110 quae
1514 2032 1670 2090 sunt
1727 2026 1806 2090 de
1867 2027 2143 2109 metopis
2199 2027 2273 2105 V,
2324 2028 2471 2106 VIl,
2518 2029 2599 2107 X,
2642 2030 2813 2095 XIV.

462 2128 879 2194 Inveniuntur
924 2129 1093 2193 enim
1138 2130 1203 2192 in
1249 2128 1378 2193 illis
1422 2130 1698 2213 metopis
1728 2130 2041 2211 majorum
2075 2128 2338 2194 deorum
2384 2133 2815 2214 pugnantium

462 2252 710 2311 currus,
755 2252 917 2314 quos
963 2232 1065 2296 dei
1111 2231 1206 2297 vel
1255 2233 1414 2296 deae
1459 2231 1795 2298 inferiores
1839 2237 2109 2313 regunt3
2154 2251 2372 2298 omnes
2417 2242 2636 2299 autem
2680 2257 2816 2300 me-

460 2341 655 2418 topae
709 2342 1070 2419 temporum
1127 2336 1470 2419 iniquitate
1529 2342 1665 2400 tam
1726 2334 1995 2400 mutilae
2048 2341 2202 2399 sunt
2256 2342 2323 2399 et
2377 2336 2675 2416 detritae,
2744 2345 2817 2403 ut

466 2459 543 2501 ne
604 2437 670 2502 id
729 2438 986 2522 quidem
1044 2457 1428 2521 cognoscere
1490 2437 1676 2503 nobis
1742 2437 1940 2502 liceat
1990 2459 2143 2502 num
2205 2438 2396 2503 deum
2456 2446 2573 2504 aut
2626 2441 2817 2506 deam

465 2538 735 2622 singulis
793 2541 859 2603 in
920 2541 1195 2623 metopis
1258 2538 1563 2622 effingere
1634 2538 1910 2605 voluerit
1961 2540 2216 2605 artifex.
2324 2541 2538 2626 Ipsam
2598 2549 2816 2608 autem

465 2649 750 2708 nostram
806 2664 938 2707 rem
984 2643 1334 2727 praecipue
1373 2649 1655 2725 tangunt
1699 2649 1991 2727 metopae
2036 2643 2091 2708 V
2137 2649 2202 2708 et
2247 2642 2381 2721 VlI,
2428 2660 2703 2728 quarum
2749 2647 2817 2710 in

465 2746 675 2811 altera
736 2746 787 2810 V
852 2746 1212 2824 Michaelis,
1279 2768 1424 2812 cum
1487 2745 1861 2830 Neptunum
1926 2746 2198 2812 collocet
2260 2747 2325 2810 in
2387 2754 2649 2832 metopa
2709 2748 2817 2827 VI,

465 2848 747 2932 Neptuni
782 2869 1038 2914 currum
1069 2848 1354 2914 effictum
1400 2869 1539 2914 esse
1586 2847 1739 2924 vult,
1788 2848 2112 2929 Peterson,
2164 2871 2306 2916 cum
2339 2850 2403 2912 in
2435 2856 2697 2934 metopa
2728 2851 2817 2917 IV

465 2952 817 3016 Minervam
860 2957 1092 3034 ponat,
1152 2951 1475 3015 Minervae
1537 2971 1793 3016 currum
1855 2972 2000 3016 cum
2048 2951 2337 3017 Victoria
2394 2955 2643 3037 auriga,
2691 2955 2819 3020 Ro-

465 3054 628 3131 bert,
677 3075 822 3118 cum
866 3053 1088 3119 Jovem
1135 3074 1273 3118 esse
1316 3054 1381 3117 in
1429 3059 1579 3118 met.
1628 3052 1716 3116 VI
1762 3052 2049 3119 effictum
2095 3053 2291 3130 dicat,
2338 3054 2512 3121 illius
2557 3078 2818 3123 currum

467 3178 612 3224 cum
685 3157 976 3242 Victoria
1036 3146 1153 3222 aut
1230 3156 1400 3221 Iride
1465 3156 1694 3239 auriga
1772 3175 2146 3240 expressum
2235 3175 2373 3221 esse
2456 3161 2815 3225 contendit.

468 3260 710 3325 Contra
777 3259 858 3324 de
931 3266 1079 3324 met.
1143 3258 1258 3324 VII
1333 3260 1455 3325 hae
1523 3266 1680 3325 sunt
1750 3259 1979 3324 horum
2061 3259 2344 3323 virorum
2415 3263 2811 3328 sententiae:

469 3361 806 3428 Michaelis
861 3364 972 3445 qui
1027 3362 1248 3428 Jovem
1310 3370 1504 3447 putat
1565 3366 1630 3428 in
1686 3369 1833 3428 met.
1894 3360 2042 3425 VIII
2103 3380 2242 3425 esse
2301 3359 2622 3439 effictum,
2683 3364 2822 3446 ejus

469 3486 727 3529 currum
789 3485 935 3529 cum
991 3464 1278 3530 Minerva
1329 3465 1493 3531 vidit
1552 3467 1616 3529 in
1676 3464 1801 3531 hac
1856 3470 2146 3548 metopa‚
2209 3463 2516 3528 Peterson
2577 3467 2689 3548 qui
2749 3467 2819 3530 in

465 3575 612 3631 met.
658 3565 804 3631 VIII
849 3574 915 3632 et
957 3567 1096 3650 ipse
1138 3565 1361 3632 Jovem
1409 3569 1766 3651 cognoscit,
1826 3573 1892 3631 et
1944 3568 2084 3651 ipse
2139 3564 2314 3631 Jovis
2360 3586 2622 3633 currum
2668 3588 2817 3634 cum

463 3668 636 3733 Iride
695 3689 834 3734 esse
893 3667 1177 3734 effictum
1236 3677 1472 3748 censet,
1531 3670 1797 3749 Robert‚
1859 3690 2005 3735 cum
2062 3668 2418 3734 Minervam
2478 3668 2699 3735 videat
2754 3672 2821 3734 in

468 3778 615 3836 met.
660 3770 836 3849 VIII,
897 3772 1033 3853 ejus
1078 3792 1340 3838 currum
1386 3794 1529 3838 cum
1574 3772 1859 3855 Aglauro
1906 3771 2138 3853 auriga
2195 3771 2261 3835 in
2312 3777 2460 3835 met.
2510 3770 2629 3835 VII
2672 3773 2823 3838 des-

468 3876 745 3958 criptum
807 3894 945 3939 esse
1000 3873 1154 3940 vult.
1248 3875 1494 3953 Quibus
1538 3873 2186 3959 interpretationibus
2233 3880 2368 3938 tam
2411 3875 2605 3940 variis
2649 3895 2827 3940 com-

468 3997 751 4055 moveor,
814 3997 958 4042 cum
1018 3997 1333 4060 personae
1380 3980 1560 4062 ipsae
1604 3977 1959 4043 mutiliores
2003 3975 2136 4039 sint
2179 3995 2375 4057 quam
2421 3997 2584 4058 quas
2629 3998 2825 4042 accu-

467 4087 610 4145 rate
656 4078 1055 4163 distinguere
1086 4082 1424 4164 possimus,
1471 4087 1546 4145 ut
1592 4101 1671 4146 ea
1703 4100 1870 4164 quae
1915 4077 2175 4143 aliunde
2220 4077 2403 4144 nobis
2448 4087 2827 4164 suppetant,

466 4184 551 4248 ad
608 4203 746 4246 rem
803 4181 1285 4264 dijudicandam
1329 4182 1617 4248 afferam.
1708 4181 1979 4247 Constat
2022 4186 2242 4246 autem
2287 4182 2349 4243 in
2398 4181 2828 4249 parthenonis

466 4286 727 4369 fastigio
772 4285 946 4369 quod
980 4286 1066 4351 ad
1102 4286 1255 4351 solis
1286 4306 1587 4352 occasum
1617 4291 1891 4369 spectat,
1942 4283 2295 4349 Victoriam
2328 4303 2468 4350 esse
2500 4284 2831 4352 Minervae

645 4495 690 4559 ¹)
731 4494 802 4548 cf.
847 4493 1008 4559 Ross,
1055 4492 1390 4558 Schaubert‚
1447 4491 1695 4556 flamen,
1749 4489 1855 4543 Die
1893 4488 2193 4557 Akropolis
2230 4503 2342 4542 von
2380 4489 2588 4544 Athen.
2659 4490 2833 4546 Erste

470 4582 696 4650 Abhdg.
778 4582 891 4635 Der
928 4580 1157 4647 Tempe]
1196 4578 1297 4631 der
1333 4578 1480 4633 Nike
1515 4578 1779 4647 Apteros,
1818 4576 2013 4630 Berlin
2048 4576 2197 4640 1839,
2238 4592 2287 4629 c.
2313 4574 2409 4630 IV.
