3092 4934
1431 265 1506 329 17

288 455 352 518 in
400 461 740 537 poetarum
791 453 974 518 libris
1031 453 1270 518 cursim
1326 453 1631 518 tractatis
1690 452 1994 529 vidimus,
2049 452 2318 516 deorum
2372 458 2472 516 est
2515 450 2641 515 ad-

289 557 583 621 ministra
626 565 743 622 aut
787 576 1000 621 comes
1045 562 1164 621 aut
1205 556 1460 633 nuntia,
1519 555 1801 622 caduceo
1855 561 1932 619 ut
1974 553 2164 637 hujus
2209 554 2492 618 muneris
2536 553 2637 617 in·-

288 660 455 741 signi
488 660 839 736 instructa3
886 660 953 723 id
996 659 1174 741 quod
1218 659 1283 722 in
1330 659 1539 723 altera
1583 679 1725 724 eam
1771 659 2201 742 conspicimus
2245 657 2365 721 alis
2412 677 2637 721 caren-

290 769 440 841 tem,
503 763 907 828 demonstrat
964 770 1212 846 pennas
1271 782 1397 827 non
1451 762 1546 825 ita
1588 762 1887 845 proprias
1932 759 2130 825 fuisse
2176 766 2438 825 nostrae
2482 758 2645 823 deae

289 871 368 928 ut
411 884 663 947 semper
705 867 1107 932 necessariae
1152 871 1368 930 essent
1397 865 1482 928 ad
1513 863 1688 928 illam
1720 863 2171 928 denotandam.
2262 862 2401 927 Hac
2444 862 2646 944 igitur

291 968 538 1032 usitata
593 966 754 1032 deae
809 975 872 1032 et
927 974 1166 1033 natura
1221 974 1288 1031 et
1344 965 1551 1031 forma
1609 967 1675 1030 in
1730 965 2111 1031 definiendis
2168 965 2443 1048 picturis
2487 983 2644 1029 usus

291 1090 464 1133 nunc
510 1076 761 1134 ceteras
804 1069 995 1135 Iridis
1038 1071 1350 1153 imagines
1383 1070 1478 1134 ita
1507 1068 1900 1152 percensebo
1945 1075 2020 1132 ut
2064 1067 2309 1150 effigies
2346 1088 2492 1131 cum
2522 1065 2647 1130 hac

294 1173 572 1254 imagine
598 1192 720 1236 non
755 1180 1184 1255 congruentes
1230 1192 1307 1238 ea
1337 1178 1594 1238 tantum
1640 1172 2008 1237 conditione
2052 1170 2245 1235 Iridis
2291 1189 2429 1235 esse
2475 1189 2648 1235 com-

293 1275 592 1359 probem,
653 1275 706 1339 si
745 1274 928 1357 justa
972 1296 1170 1340 causa
1213 1275 1578 1340 inveniatur
1638 1296 1753 1339 cur
1811 1275 1936 1340 dea
1983 1275 2238 1338 diversa
2282 1279 2399 1338 aut
2443 1272 2649 1338 forma

294 1385 417 1444 aut
456 1377 816 1459 insignibus
857 1378 1119 1461 depicta
1161 1379 1263 1443 sit.

467 1497 559 1563 Ut
601 1499 906 1581 deinceps
949 1504 1355 1563 transeamus
1398 1518 1440 1563 a
1485 1497 1756 1580 picturis
1808 1496 2217 1580 simplicioris
2260 1496 2512 1577 generis
2557 1496 2642 1559 ad

296 1620 452 1666 vasa
509 1602 745 1683 maj0re
796 1608 939 1665 arte
997 1608 1341 1680 exornata,
1413 1622 1521 1667 eas
1592 1602 1872 1685 primum
1934 1619 2297 1664 enumerem
2353 1618 2647 1663 vasorum

296 1704 635 1787 imagines,
701 1704 768 1767 in
827 1704 1065 1786 quibus
1122 1725 1314 1769 unam
1367 1706 1655 1770 videmus
1717 1701 1910 1766 Iridis
1967 1700 2245 1784 effigiem
2307 1701 2650 1785 depictam.

296 1806 621 1871 Praebent
663 1805 848 1872 nobis
891 1826 1047 1871 vasa
1092 1806 1283 1891 hujus
1329 1809 1584 1890 generis
1627 1807 1939 1888 imagines
1983 1804 2135 1870 has:

468 1925 996 2009 Heydemann,
1052 1934 1201 1992 cat.
1271 1948 1426 1992 vas.
1487 1927 1672 1993 Mus.
1726 1924 2057 2009 Neapol.
2120 1947 2181 1989 n.
2235 1926 2470 2001 31223
2532 1925 2652 1989 Iris
2737 1920 2742 1925 ’

296 2031 522 2094 tunica
567 2036 634 2093 et
676 2028 874 2112 pallio
919 2029 1153 2094 induta
1196 2036 1396 2113 atque
1442 2031 1634 2095 mitra
1671 2028 2070 2112 armillisque
2116 2034 2426 2092 exornata
2460 2048 2653 2092 cursu

299 2131 606 2196 incedens
639 2131 901 2216 depicta
932 2139 1047 2198 est.
1097 2131 1356 2199 Usitata
1386 2133 1594 2198 forma
1621 2132 1741 2197 alis
1772 2138 1840 2197 et
1870 2131 2152 2197 caduceo
2185 2137 2284 2196 est
2312 2131 2650 2195 instructa.

471 2234 755 2298 Annali
830 2233 1061 2310 1831,
1129 2258 1190 2319 p.
1249 2238 1381 2313 41,
1448 2236 1522 2302 K.
1589 2236 1777 2300 Mus.
1844 2235 1991 2300 etr.
2066 2236 2284 2299 1120.
2417 2233 2655 2299 Similis
2735 2294 2740 2299 ,

301 2339 548 2419 imag03
595 2337 716 2402 Iris
760 2336 879 2403 alis
924 2345 991 2402 et
1036 2338 1320 2404 caduceo
1367 2341 1687 2403 instructa
1736 2345 1855 2402 est.

474 2439 797 2517 Roulez,
845 2440 1019 2505 Vas.
1062 2442 1335 2524 peints
1379 2440 1473 2504 de
1516 2439 1791 2519 Leide,
1838 2439 1936 2524 pl.
1967 2438 2074 2517 IV,
2121 2439 2251 2514 2a;
2299 2438 2417 2503 Iris
2460 2440 2654 2503 mitra

305 2550 373 2607 et
414 2545 637 2608 tunica
696 2543 925 2608 induta
983 2551 1183 2626 atque
1246 2543 1528 2608 caduceo
1591 2545 1912 2608 instructa
1970 2540 2230 2607 advolat
2284 2541 2371 2607 ad
2428 2543 2653 2617 virum,

303 2667 494 2728 quem
556 2667 700 2712 cum
757 2646 1109 2729 scipionem
1170 2668 1364 2712 manu
1436 2652 1659 2711 teneat
1714 2644 2042 2710 Priamum
2111 2663 2250 2709 esse
2306 2644 2660 2710 secundum

303 2748 486 2814 Hom.
531 2748 601 2813 11.
645 2748 685 2812 l.
733 2747 945 2814 XXIV
989 2772 1046 2815 v.
1101 2751 1220 2815 149
1267 2769 1349 2815 ss.
1395 2769 1676 2831 aequum
1721 2754 1820 2814 est
1863 2747 2165 2829 colligere
2194 2749 2267 2832 ¹).

478 2850 769 2929 Millin,
823 2851 1267 2919 Peintures
1327 2853 1418 2917 de
1473 2871 1701 2918 vases
1760 2850 1818 2930 I,
1876 2850 1971 2934 pl.
2022 2851 2149 2926 623
2209 2849 2331 2915 Iris
2375 2849 2552 2916 alata
2597 2856 2695 2915 et

305 2953 527 3018 tunica
573 2954 895 3036 mitraque
928 2963 1237 3021 exornata
1281 2977 1475 3020 manu
1504 2956 1857 3021 caduceum
1904 2974 2136 3036 gerens
2179 2953 2664 3037 appropinquat

307 3055 394 3121 ad
453 3057 660 3120 virum
718 3056 1064 3122 barbatum
1123 3061 1235 3141 qui
1300 3060 1532 3123 nititur
1585 3057 1814 3124 baculo
1874 3057 2136 3122 nodoso.
2225 3055 2364 3122 Hac
2405 3076 2664 3140 quoque

310 3160 588 3239 imagine
633 3158 784 3222 Irim
830 3161 916 3224 ad
960 3160 1288 3226 Priamum
1333 3160 1794 3245 procedentem
1838 3158 2057 3226 fictam
2105 3179 2243 3224 esse
2286 3166 2463 3225 recte
2509 3180 2662 3225 con-

299 3262 465 3344 jecit
509 3260 767 3336 Roule2‚
815 3261 961 3327 Vas.
1007 3264 1222 3345 peints
1264 3263 1347 3327 de
1392 3264 1609 3341 Leide,
1656 3286 1719 3346 p.
1770 3264 1868 3342 16,
1916 3263 2098 3328 Anm.
2145 3262 2202 3327 6.

486 3361 1123 3446 Furtwaengler‚
1195 3371 1346 3430 cat.
1422 3386 1574 3433 vas.
1634 3365 1820 3431 Mus.
1881 3363 2141 3431 Berol.
2207 3388 2270 3429 n.
2333 3364 2532 3429 2163
2576 3365 2665 3441 B;

312 3467 434 3530 Iris
492 3464 670 3529 alata
731 3464 923 3531 simili
981 3465 1187 3532 forma
1244 3467 1424 3534 laeva
1485 3471 1547 3533 in
1602 3489 1796 3533 manu
1843 3469 2199 3534 caduceum
2245 3475 2423 3532 tenet
2465 3476 2665 3553 atque
2760 3508 2765 3511 -

316 3569 611 3633 dextram
656 3569 951 3635 obtendit
995 3572 1147 3650 Iovi,
1194 3573 1308 3655 qui
1352 3572 1414 3636 in
1464 3571 1671 3637 altera
1718 3573 1887 3638 vasis
1932 3578 2121 3656 parte
2166 3571 2464 3655 depictus
2509 3579 2623 3637 est.

487 3689 1120 3772 Furtwaengler,
1169 3700 1313 3758 cat.
1358 3713 1421 3756 n.
1467 3692 1665 3756 2248
1703 3697 1778 3778 ²).
1865 3691 1987 3756 Iris
2030 3693 2295 3757 eandem
2342 3692 2475 3758 fere
2518 3716 2667 3778 spe-

319 3795 480 3859 ciem
537 3792 872 3876 praebens.
961 3792 1333 3860 Notandum
1393 3802 1516 3873 est,
1581 3795 1766 3860 deam
1826 3801 1893 3858 et
1950 3794 2071 3859 alis
2130 3795 2540 3880 caduceoque
2602 3807 2669 3865 et

319 3895 632 3980 pinnulis,
696 3895 933 3979 quibus
994 3897 1132 3979 ejus
1191 3897 1628 3963 calceamenta
1677 3898 1998 3960 instructa
2054 3904 2226 3976 sunt,
2286 3900 2669 3966 instructam

320 3998 627 4063 accedere
669 3997 753 4064 ad
800 3999 1119 4065 tumulum
1164 3999 1503 4082 quendam,
1552 3998 1633 4062 de
1664 3997 1846 4081 cujus
1890 4005 2125 4063 natura
2154 4002 2249 4063 ita
2278 4001 2672 4070 dissentiunt

322 4101 807 4185 Furtwaengler
865 4107 932 4166 et
975 4101 1326 4179 Benndors‚
1372 4106 1445 4167 ut
1488 4100 1597 4165 ille
1642 4121 1842 4180 aram,
1887 4101 1994 4167 hic
2039 4102 2406 4186 sepulcrum
2451 4105 2670 4190 depic-

323 4210 463 4268 tum
513 4223 655 4269 esse
689 4211 965 4270 censeat.
1054 4203 1332 4270 Similem
1364 4205 1643 4289 speciem
1674 4202 1866 4269 Iridis
1895 4203 2165 4288 praebet
2192 4204 2430 4273 lamina
2472 4229 2672 4274 aenea

503 4399 544 4460 ²)
592 4398 662 4451 of.
709 4397 952 4465 Roulez,
1006 4397 1041 4452 1.
1082 4399 1117 4451 l.
1165 4415 1223 4468 p.
1287 4400 1381 4465 16,
1439 4398 1602 4451 Anm.
1649 4399 1698 4450 6.
1921 4399 1963 4467 ²)
2019 4398 2092 4452 cf.
2141 4396 2460 4458 Benndors‚
2514 4396 2667 4451 Sicil.

332 4486 495 4540 Vasb.
536 4485 766 4550 XXVII,
812 4503 865 4553 p.
904 4488 986 4539 44.

2184 4591 2217 4640 2
