3092 4934
1601 373 1679 437 14

458 564 600 622 rate
643 556 893 642 replere
930 581 1056 624 non
1098 561 1434 644 possimus.
1518 559 1759 625 Tamen
1808 568 2087 644 utraque
2117 562 2183 625 in
2214 562 2476 645 pictura
2505 566 2805 645 cognosci

457 666 690 743 potest,
740 661 930 727 deam
962 660 1202 728 alatam
1236 662 1562 746 depictam
1607 685 1745 728 esse
1790 684 1958 748 quae
2001 663 2068 727 in
2112 664 2308 749 Brygi
2339 685 2489 729 vase
2522 666 2803 732 caduceo

458 764 775 828 instructa
819 771 952 841 est;
1011 765 1235 829 eodem
1281 765 1469 831 modo
1514 767 1795 850 perspici
1840 773 2085 851 potest,
2144 764 2418 833 alteram
2461 783 2799 851 personam

458 884 601 929 cum
648 863 760 929 illa
817 866 901 931 ab
959 865 1208 932 artifice
1234 887 1392 941 ,esse
1438 869 1865 951 conjunctam.
1954 869 2028 933 In
2078 867 2342 934 Duridis
2385 865 2643 954 pictura
2686 868 2804 936 illa

456 987 734 1049 persona
774 968 1150 1035 adulescens
1177 976 1466 1036 armatus
1510 977 1631 1050 est,
1676 992 1868 1055 quem
1910 971 2034 1036 dea
2063 970 2244 1037 alata
2284 978 2361 1037 ut
2403 969 2470 1036 in
2513 988 2802 1056 pugnam

458 1075 566 1134 eat
608 1069 944 1136 adhortari
988 1072 1276 1148 videtur3
1335 1073 1510 1156 quod
1566 1073 1650 1138 ad
1695 1073 1891 1158 Brygi
1948 1094 2061 1139 vas
2121 1077 2378 1149 attinet,
2435 1067 2595 1137 nihil
2639 1071 2802 1138 certi

456 1171 535 1235 de
581 1171 703 1237 hac
747 1193 1023 1256 persona
1082 1174 1210 1240 dici
1264 1181 1500 1258 potest.
1589 1174 1798 1240 Meier
1840 1175 1881 1239 l.
1924 1176 1965 1240 l.
2011 1177 2198 1241 deam
2242 1177 2305 1241 in
2353 1176 2619 1241 Duridis
2660 1178 2803 1260 pic-

456 1280 607 1339 tura
637 1275 809 1340 Irida
840 1277 1129 1360 appellat
1156 1279 1451 1344 comitem
1488 1278 1744 1360 juvenis
1773 1280 2025 1356 armati,
2071 1278 2289 1343 Brunn
2327 1279 2514 1344 deam
2559 1281 2622 1341 in
2651 1296 2804 1343 vase

456 1376 651 1462 Brygi
701 1378 1050 1446 Victoriam
1109 1387 1224 1446 aut
1276 1382 1503 1446 Irenen
1564 1401 1702 1446 esse
1757 1382 1918 1448 dicit
1980 1421 2060 1430 -
2116 1403 2234 1465 ego
2281 1382 2541 1465 quidem
2588 1383 2801 1447 causis

458 1501 656 1563 supra
700 1483 1011 1566 expositis
1057 1484 1244 1548 nixus
1303 1485 1366 1547 in
1413 1484 1709 1549 omnibus
1754 1484 1853 1549 his
1901 1486 2193 1569 picturis,
2244 1505 2520 1568 quarum
2563 1505 2799 1568 propo-

456 1584 651 1647 situm
695 1583 1084 1649 simillimum
1133 1593 1248 1661 est,
1313 1587 1663 1653 Victoriam
1708 1588 1892 1652 video
1937 1589 2281 1672 depictam,
2328 1607 2497 1670 quae
2541 1587 2801 1651 adules-

458 1687 625 1749 centi
695 1688 890 1752 armis
947 1688 1047 1752 vel
1102 1688 1432 1772 promissis
1493 1689 1831 1756 audaciam
1877 1690 2087 1772 injicit
2130 1689 2462 1774 pugnandi
2510 1696 2576 1755 et
2620 1710 2801 1772 spem

456 1788 770 1853 vincendi.

628 1909 751 1975 Sed
796 1917 870 1976 ut
911 1912 1170 1977 tandem
1217 1913 1301 1977 ad
1344 1915 1520 1997 ipsas
1565 1912 1756 1976 Iridis
1800 1913 2092 1996 picturas
2135 1914 2482 1990 veniamu8‚
2529 1912 2802 1994 incipia-

456 2033 597 2077 mus
639 2013 722 2077 ab
769 2014 860 2078 eis
904 2016 1071 2079 vasis
1115 2037 1192 2079 ex
1237 2015 1473 2098 quibus
1517 2036 1662 2081 cum
1691 2016 1946 2079 nomine
1974 2015 2286 2080 denotata
2314 2016 2400 2079 sit
2427 2015 2548 2079 Iris
2578 2015 2803 2098 itaque

456 2115 534 2178 de
580 2117 716 2197 ejus
768 2137 1041 2200 persona
1094 2138 1216 2181 non
1275 2117 1461 2182 facile
1506 2119 1713 2202 possit
1754 2117 2073 2195 dubitari,
2138 2118 2497 2182 certissima
2550 2116 2802 2183 officere

453 2238 793 2301 possumus
838 2220 916 2283 de
963 2221 1098 2302 ejus
1130 2219 1334 2285 forma
1365 2228 1433 2284 et
1462 2227 1715 2285 natura.
1805 2220 2131 2298 Quantum
2162 2221 2362 2302 igitur
2394 2221 2477 2285 ad
2512 2228 2798 2284 nostram

456 2322 741 2403 pertinet
784 2345 938 2400 rem,
997 2343 1264 2404 agamus
1308 2325 1514 2406 primo
1559 2322 1641 2386 de
1686 2343 1837 2387 vase
1882 2322 2111 2387 Clitiae
2156 2331 2222 2387 et
2265 2323 2578 2407 Ergetimi
2623 2330 2804 2386 vetu-

455 2425 735 2488 stissimo
781 2425 971 2508 hujus
1014 2426 1282 2507 generis.
1329 2481 1335 2487 .
1375 2425 1590 2490 Pictor
1656 2424 1905 2489 effinxit
1958 2426 2021 2488 in
2081 2424 2387 2507 plenioris
2431 2426 2601 2490 vasis
2644 2424 2801 2488 orbe

457 2525 629 2590 Pelei
676 2534 741 2590 et
783 2528 1077 2592 Thetidis
1131 2528 1393 2611 nuptias
1450 2547 1615 2609 quas
1673 2527 1754 2592 ad
1804 2527 2223 2592 celebrandas
2270 2547 2500 2610 magno
2545 2527 2801 2608 agmine

456 2629 561 2693 dei
615 2630 699 2695 ab
760 2631 929 2695 Iride
988 2631 1168 2696 ducti
1222 2632 1770 2715 appropinquant.
1860 2631 1982 2695 Iris
2041 2631 2393 2697 caduceum
2436 2636 2633 2707 tenet,
2680 2627 2803 2694 alis

457 2753 581 2797 non
629 2741 728 2797 est
771 2734 1116 2811 instructa,
1172 2755 1303 2816 qua
1348 2734 1430 2798 de
1472 2755 1542 2798 re
1588 2754 1981 2817 quamquam
2024 2732 2565 2814 Trendelenburg‚
2614 2731 2806 2796 Arch.

459 2836 598 2917 Ztg.
649 2835 811 2900 1880
877 2837 940 2899 in
991 2838 1524 2902 commentatione
1572 2857 1767 2920 quam
1814 2837 2144 2919 inscripsit
2190 2836 2355 2914 „Iris
2398 2836 2484 2898 im
2532 2833 2806 2899 Parthe-

456 2938 855 3021 nongiebel“‚
904 2939 1042 3005 alas
1086 2945 1264 3004 statu
1309 2939 1466 3005 deae
1512 2939 1727 3020 obtegi
1763 2939 2114 3017 contendit,
2163 2960 2307 3004 mea
2351 2938 2612 3022 quidem
2657 2957 2804 3001 sen-

457 3043 667 3106 tentia
725 3041 904 3106 nulla
958 3048 1175 3125 potest
1230 3061 1368 3106 esse
1411 3041 1753 3106 dubitatio,
1842 3041 1995 3123 Egit
2040 3042 2121 3106 de
2163 3041 2290 3108 hac
2333 3040 2648 3124 amphora
2691 3059 2806 3103 no-

456 3146 707 3209 tissima
774 3166 940 3227 quae
1006 3143 1373 3208 Florentiae
1445 3151 1544 3208 est
1611 3143 1905 3227 pluribus
1973 3144 2181 3209 verbis
2244 3143 2430 3207 Klein
2458 3149 2508 3219 ²,
2570 3165 2632 3226 p.
2689 3140 2803 3216 323

456 3247 718 3331 depicta
760 3255 861 3312 est
901 3248 967 3311 in
1000 3247 1278 3312 Menum.
1323 3246 1386 3310 d.
1432 3247 1586 3312 Inst.
1633 3247 1739 3322 IV,
1790 3247 2045 3312 54-55
2089 3253 2156 3311 et
2201 3245 2392 3310 Arch.
2441 3245 2804 3326 Ztg.1850,

456 3350 527 3413 T.
574 3352 849 3415 23--24.
1592 3395 1595 3398 -

636 3452 877 3516 Deinde
922 3452 1241 3534 agendum
1288 3459 1387 3516 est
1430 3452 1510 3517 de
1559 3452 1689 3517 Olti
1721 3461 1788 3517 et
1818 3450 2120 3516 Euxithei
2163 3471 2332 3527 vase,
2379 3451 2552 3536 quod
2585 3450 2806 3516 Vulcis

456 3558 784 3620 inventum
832 3576 1002 3621 nunc
1045 3555 1106 3618 in
1141 3553 1371 3619 Museo
1402 3554 1611 3619 Berol.
1658 3560 2074 3618 conservatur
2102 3560 2174 3638 1).
2263 3553 2572 3619 Videmus
2617 3555 2682 3616 in
2729 3574 2808 3617 ea

457 3661 628 3725 vasis
670 3666 877 3743 parte,
921 3678 1119 3739 quam
1164 3656 1351 3721 Klein
1398 3657 1493 3722 lit.
1528 3657 1596 3720 Β.
1629 3657 2009 3738 designavit,
2052 3655 2515 3721 valedicentem
2542 3655 2807 3720 Nestori

458 3761 772 3827 Achillem
817 3765 1137 3826 armatum
1170 3781 1360 3843 quem
1392 3760 1476 3824 ad
1513 3759 1876 3825 Patroclum
1923 3758 2363 3825 ulciscendum
2408 3761 2471 3822 in
2518 3778 2806 3842 pugnam

457 3869 699 3929 iturum
746 3884 885 3928 esse
929 3863 1137 3927 altera
1180 3864 1350 3927 vasis
1395 3868 1585 3946 parte
1629 3862 1971 3940 indicatur,
2029 3863 2140 3928 ubi
2188 3870 2513 3928 certamen
2558 3861 2639 3924 de
2683 3860 2808 3924 Pa·-

459 3966 664 4033 troclo
725 3973 956 4030 necato
1013 3966 1226 4049 pictor
1282 3966 1467 4031 nobis
1525 3971 1679 4030 aute
1737 3965 1956 4031 oculos
2013 3967 2251 4053 posuit.
2356 3964 2426 4027 In
2486 3963 2810 4046 quadriga

459 4070 744 4135 Phoenix
789 4075 857 4133 et
900 4066 1279 4133 Antilochus
1319 4067 1581 4132 Peliden
1629 4070 2073 4151 opperiuntur.
2161 4067 2371 4149 Prope
2414 4072 2631 4131 autem
2676 4072 2812 4130 stat

459 4173 586 4237 dea
627 4172 877 4253 magnis
924 4169 1075 4246 alie,
1133 4170 1444 4247 caduceO,
1509 4176 1684 4234 veste
1730 4170 1921 4234 talari
1967 4170 2305 4250 instructa,
2349 4190 2542 4234 manu
2584 4167 2809 4233 florem

460 4283 704 4352 tenens,
753 4293 947 4357 quam
992 4271 1167 4336 Irida
1211 4292 1348 4336 esse
1392 4273 1645 4336 nomine
1689 4272 2019 4356 adscripto
2051 4273 2396 4339 indicatur.
2484 4271 2813 4349 Quaeren-

460 4378 637 4445 tibus
678 4384 897 4442 autem
971 4376 1196 4459 quales
1259 4382 1481 4460 partes
1547 4383 1705 4459 agat
1771 4375 1895 4441 dea
1954 4381 2180 4440 nostra
2222 4374 2348 4441 hac
2406 4375 2471 4438 in
2528 4375 2809 4457 pictura,

568 4574 572 4580 ’
638 4570 679 4639 ¹)
718 4568 787 4623 cf.
825 4567 1268 4638 Furtwaengler,
1308 4571 1417 4623 cat.
1456 4585 1511 4620 n.
1551 4569 1708 4622 2264.
1781 4566 1951 4621 Klein
1964 4567 2003 4631 ²,
2042 4584 2097 4635 p.
2138 4567 2257 4621 135.
