3092 4934
1357 315 1433 378 15

241 505 521 570 comitem
588 501 1109 588 respondendum
1171 508 1271 566 est
1346 522 1483 565 eam
1551 520 1689 564 esse
1753 498 2020 563 Achillis
2083 497 2291 561 ultum
2361 496 2573 560 euntis

238 606 623 684 Patroclum,
688 625 818 688 quo
872 605 1083 688 pictor
1144 606 1294 669 sine·
1322 603 1519 668 dubio
1563 609 1766 667 totam
1813 622 1950 665 rem
1994 602 2221 664 summi
2268 597 2572 663 momenti

241 730 367 774 esse
412 707 509 772 vel
540 709 805 773 deorum
835 707 1168 773 voluntate
1199 706 1492 772 effectam
1528 702 1892 786 significare
1922 704 2142 768 voluit.
2238 703 2573 786 Depictam

239 811 502 876 tradunt
567 812 905 893 imaginem
976 808 1585 886 Miiller-Wieseler,
1661 807 1734 871 D.
1792 827 1850 870 a.
1906 805 1985 869 K.
2031 805 2087 883 1,
2144 804 2303 869 Tab.
2348 802 2571 878 XLIV,

239 936 292 977 n.
333 913 491 988 207;
551 913 810 978 Wiener
865 911 1153 994 Vorlgbl.
1214 910 1344 976 Ser.
1394 907 1481 983 D,
1554 911 1626 974 T.
1684 911 1758 986 23
1820 907 2152 984 Gerhard,
2211 906 2357 972 Ges.
2403 904 2572 971 Abh.

399 1115 684 1182 Tertiam
744 1117 1087 1199 imaginem
1149 1116 1340 1202 Iridis
1411 1115 1663 1180 nomine
1730 1114 2106 1196 designatae
2163 1113 2453 1178 videmus
2511 1112 2575 1175 in

238 1219 424 1305 Brygi
470 1239 617 1285 vase
677 1220 937 1303 Capuae
981 1218 1265 1297 invento,
1324 1218 1406 1282 de
1463 1237 1593 1300 quo
1650 1218 1784 1300 egit
1836 1217 2044 1293 Matz,
2106 1216 2265 1281 Anu.
2316 1215 2377 1279 d.
2423 1215 2574 1279 Inst.

243 1322 416 1400 1872,
462 1344 523 1406 p.
567 1323 694 1388 294
738 1328 804 1386 et
847 1319 1032 1386 Klein
1049 1328 1090 1400 ²,
1137 1344 1197 1405 p.
1248 1322 1384 1386 183.
1471 1320 1546 1384 In
1595 1341 1673 1385 ea
1716 1320 1885 1385 vasis
1929 1325 2117 1403 parte
2160 1339 2356 1402 quam
2386 1318 2575 1382 Klein

238 1425 323 1491 lit.
372 1426 439 1488 A.
483 1425 848 1500 denotavit,
911 1421 1031 1488 Iris
1091 1424 1350 1509 depicta
1408 1431 1508 1488 est
1562 1425 1813 1505 magnis
1872 1422 1991 1488 alis
2036 1422 2352 1507 praedita.
2441 1421 2576 1484 Dea

238 1549 400 1610 quae
443 1527 510 1591 in
554 1548 748 1592 manu
794 1525 1117 1604 bacillum,
1163 1546 1292 1609 quo
1324 1524 1691 1590 Mercurius
1737 1546 1993 1610 quoque
2038 1526 2246 1591 utitur
2293 1524 2575 1599 nuntius,

237 1637 433 1705 tenet,
465 1628 719 1694 duobus
748 1650 790 1694 a
818 1630 1056 1713 satyris
1082 1629 1526 1714 ithyphallicis
1555 1630 1838 1711 petitur3
1885 1628 2050 1693 alter
2080 1626 2241 1692 illud
2272 1624 2576 1691 bacillum

237 1732 387 1796 Iridi
436 1731 723 1810 auferre,
784 1731 953 1796 alter
1006 1732 1120 1814 qui
1177 1733 1242 1796 in
1298 1753 1478 1797 aram
1537 1732 1831 1798 ascendit
1882 1732 2068 1796 deam
2126 1731 2331 1814 ipsam
2379 1729 2462 1794 ad
2509 1749 2577 1793 se

236 1834 566 1900 attrahere
611 1835 847 1899 studet.
934 1832 1232 1900 Bacchus
1275 1835 1437 1900 deus
1466 1842 1616 1919 post
1646 1855 1827 1899 aram
1872 1833 2223 1900 collocatus
2267 1840 2369 1898 est
2410 1830 2579 1916 pelle

236 1936 626 2020 pantherina
672 1944 738 2001 et
779 1936 978 2020 pallio
1023 1937 1306 2015 indutus,
1354 1938 1588 2003 dextra
1617 1938 1680 2001 in
1713 1958 1911 2001 manu
1950 1935 2353 2012 cantharum,
2397 1935 2581 1999 laeva

236 2040 586 2123 scipionem
640 2040 838 2105 habet
861 2044 928 2123 1).
1019 2038 1215 2122 Cujus
1274 2042 1573 2125 picturae
1627 2040 2031 2123 propositum
2076 2038 2160 2103 ab
2207 2035 2457 2102 artifice
2499 2057 2580 2101 ex

234 2142 461 2207 fabula.
510 2144 795 2228 satyrica
855 2143 1268 2226 desumptum
1331 2164 1495 2221 esse,
1553 2143 1801 2227 primus
1847 2141 1920 2205 O.
1968 2140 2169 2219 Jahn,
2231 2138 2581 2222 (Telephus

237 2245 368 2308 und
415 2245 668 2311 Troilus
710 2267 774 2328 p.
809 2247 919 2328 79)
966 2247 1336 2330 suspicatus
1379 2253 1495 2324 est,
1545 2267 1691 2311 cum
1734 2244 1815 2308 de
1860 2243 2187 2308 simillima
2227 2243 2399 2307 vasis
2441 2242 2581 2325 pic-

236 2354 390 2410 tura
432 2346 634 2412 Nolae
677 2347 921 2411 inventi
945 2354 996 2425 ²)
1020 2349 1431 2414 ’sententiam
1477 2347 1819 2432 proferret.
1910 2345 2119 2410 Etiam
2167 2347 2231 2410 in
2279 2344 2404 2410 hac
2447 2345 2581 2428 pic-

236 2456 390 2513 tura
432 2448 670 2515 femina
714 2449 890 2514 alata
934 2450 1188 2515 duobus
1233 2471 1272 2515 a
1316 2451 1555 2534 satyris
1600 2448 2042 2534 ithyphallicis
2084 2450 2352 2532 petitur,
2414 2467 2582 2532 quae

236 2572 316 2616 eo
361 2558 613 2617 tantum
658 2551 878 2617 differt
930 2553 1015 2618 ab
1060 2553 1230 2618 Iride
1274 2554 1623 2636 superioris
1666 2554 1962 2637 picturae
2010 2551 2183 2634 quod
2229 2557 2583 2615 extremam

230 2654 533 2719 victimae
565 2654 838 2720 caudam
869 2676 1064 2739 quam
1096 2655 1451 2741 Aeschylus
1480 2656 1545 2719 in
1576 2655 1901 2720 Prometh.
1947 2677 2004 2718 v,
2035 2653 2164 2719 495
2194 2653 2583 2736 singularem

226 2881 428 2925 manu
474 2867 671 2925 tenet.
761 2862 903 2940 Qua
960 2863 1040 2926 de
1083 2862 1321 2928 femina
1362 2862 1540 2927 alata
1583 2862 1696 2927 diu
1740 2863 1804 2925 in
1852 2861 2178 2926 diversum
2223 2859 2583 2924 tendebant

226 2966 609 3040 sententiae,
658 2985 801 3028 cum
847 2964 1144 3029 Gerhard
1187 2966 1448 3032 Teleten
1498 2987 1643 3031 cum
1689 2965 1912 3048 copiae
1958 2985 2178 3042 cornu,
2227 2964 2302 3028 Ο.
2353 2962 2583 3028 Miiller

224 3066 498 3131 Hosiam
552 3087 692 3131 eam
751 3086 889 3130 esse
946 3074 1228 3150 putaret.
1325 3068 1496 3134 Jahn
1552 3069 1801 3152 primus
1845 3067 1886 3131 l.
1930 3070 2002 3144 l.,
2064 3073 2139 3131 ut
2184 3087 2383 3151 supra
2427 3066 2584 3143 dixi,

223 3168 408 3233 Irida
452 3167 707 3233 fabulae
751 3170 1071 3253 satyricae
1129 3169 1255 3237 hac
1310 3172 1375 3234 in
1431 3172 1693 3254 pictura
1735 3170 2061 3253 depictam
2106 3190 2244 3234 esse
2287 3169 2587 3253 probavit

224 3270 567 3334 Athenaeo
621 3289 776 3334 usus
829 3277 1027 3348 teste,
1088 3273 1200 3355 qui
1258 3275 1324 3337 in
1380 3273 1546 3339 libro
1602 3273 1693 3350 X,
1752 3295 1811 3356 p.
1850 3274 1973 3338 451
2023 3271 2088 3338 C.
2134 3273 2208 3336 D.
2259 3272 2582 3337 Achaeum

221 3380 493 3456 poetam
551 3371 749 3436 talem
809 3372 1094 3438 fabulam
1152 3376 1487 3458 scripsisse
1533 3376 1757 3441 tradit.
1847 3375 2031 3453 Quod
2077 3377 2313 3440 attinet
2357 3375 2440 3439 ad
2487 3374 2587 3439 fa-

217 3474 449 3540 bulam
512 3477 888 3559 satyricam,
950 3476 1168 3542 Jahnii
1248 3479 1622 3560 conjectura
1687 3477 2042 3562 probabilis
2103 3478 2259 3542 mihi
2329 3479 2584 3543 videtur

222 3597 391 3653 esse,
459 3578 631 3660 quod
692 3578 774 3643 ad
834 3579 1038 3656 Irida,
1093 3602 1171 3645 ea
1214 3601 1381 3664 quae
1427 3582 1703 3663 conjecit
1770 3582 1987 3664 priore
2031 3580 2145 3645 illa
2187 3581 2447 3663 pictura
2489 3581 2585 3645 ita

218 3679 711 3759 confirmantur,
758 3688 834 3745 ut
876 3681 1055 3747 nulla
1083 3690 1287 3748 restet
1325 3685 1670 3749 dubitatio.
1760 3683 2049 3748 Tertium
2094 3682 2288 3764 hujus
2331 3685 2585 3765 generis

216 3804 362 3859 vae,
409 3783 476 3846 in
521 3804 649 3866 quo
690 3785 913 3848 eadem
948 3784 1162 3850 efficta
1193 3793 1292 3850 est
1321 3807 1444 3862 res,
1491 3787 1814 3850 invenitur
1857 3786 1921 3849 in
1970 3785 2342 3851 collectione
2387 3808 2583 3870 quam

215 3886 442 3950 edidit
483 3886 754 3970 LuyneS,
801 3886 1020 3964 VaseS,
1067 3888 1152 3971 pl.
1199 3889 1283 3952 30
1310 3891 1385 3970 4).
1474 3886 1693 3953 Simile
1737 3887 2052 3952 similibus
2096 3896 2434 3954 annectam
2483 3890 2585 3954 his

211 3989 623 4077 imaginibus
662 4010 805 4069 vas,
867 3990 948 4054 de
1007 4011 1135 4074 quo
1181 3991 1315 4073 egit
1360 3990 1526 4055 Max.
1575 3989 1806 4075 Mayer
1849 3989 1889 4054 l.
1935 3991 1974 4055 l.
2031 4014 2092 4075 p.
2138 3991 2258 4055 347
2293 3994 2369 4074 ⁶).
2458 3992 2585 4057 Res

411 4181 452 4247 ¹)
501 4180 572 4234 cf.
629 4181 778 4235 Mon.
837 4182 889 4235 d.
945 4174 1082 4236 In‘st.
1132 4182 1237 4244 IX,
1291 4187 1334 4238 t.
1383 4185 1452 4238 46
1511 4188 1570 4237 et
1618 4181 1848 4236 Wiener
1905 4182 2157 4252 Vorlgbl.
2212 4183 2375 4246 VIII,
2431 4187 2473 4236 t.
2531 4186 2582 4237 6.

210 4270 259 4336 2)
307 4268 382 4320 cf.
421 4267 873 4338 Furtwaengler,
927 4274 1036 4324 cat.
1087 4288 1139 4323 n.
1180 4274 1350 4340 25913
1397 4271 1685 4339 Gerhard,
1736 4272 1869 4325 Ant.
1916 4270 2115 4324 Bildw.
2155 4273 2249 4338 483
2298 4270 2582 4337 Welcker,

206 4356 288 4411 A.
336 4356 403 4409 D.
443 4357 539 4424 ΙΙΙ,
581 4359 666 4424 16,
704 4362 753 4411 2.
909 4359 952 4426 ³)
991 4357 1062 4412 cf.
1101 4358 1391 4427 Wieseler,
1429 4359 1629 4413 Philol.
1668 4359 1736 4424 X,
1775 4377 1826 4428 p.
1864 4361 1970 4413 387
2008 4376 2079 4412 ss.
2239 4359 2281 4424 4)
2320 4358 2391 4412 cf.
2430 4358 2580 4412 Max.

206 4444 443 4512 Mayer,
481 4444 515 4497 1.
556 4444 589 4497 1.
630 4462 685 4513 p.
725 4448 844 4500 343.
996 4445 1040 4515 ¹⁵)
1078 4447 1148 4501 cf.
1188 4446 1348 4502 Gott.
1389 4446 1511 4502 Gel.
1553 4446 1620 4501 D.
1662 4449 1817 4516 1888,
1855 4465 1911 4516 p.
1955 4450 2080 4516 1433
2117 4446 2315 4501 Journ.
2353 4445 2418 4498 of
2449 4446 2579 4499 hell.

206 4530 391 4587 Stud.
433 4536 479 4600 1,
516 4531 593 4601 pl.
632 4534 682 4585 3.
