3092 4934
1378 322 1456 385 13

245 510 430 573 etiam
480 509 608 572 alia
654 510 777 573 dea
818 509 883 572 in
934 508 1357 572 monumentis
1399 508 1755 570 invenitur:
1801 505 1951 569 talis
1994 504 2260 586 fingitur
2302 505 2364 567 in
2401 524 2587 566 num-

244 614 361 675 mis
408 611 752 676 Locrorum
799 612 974 694 Epiz.
1027 611 1227 688 Irene,
1275 631 1443 692 quae
1475 629 1577 672 res
1609 607 1852 690 aliquid
1906 607 2115 673 valere
2149 606 2299 670 mihi
2334 607 2586 670 videtur

242 716 323 778 ad
368 714 533 778 vasis
575 714 897 797 picturam
943 712 1387 788 definiendam,
1437 712 1519 775 de
1564 733 1695 793 qua
1738 732 1943 794 usque
1973 709 2188 775 adhuc
2227 710 2584 774 dubitatur.

417 815 541 881 Vas
586 817 667 880 de
712 838 839 899 quo
885 818 1100 898 agitur
1145 816 1312 878 inest
1356 814 1420 878 in
1469 813 1715 878 collect.
1764 815 2007 879 Monac.
2056 815 2227 895 regis
2259 811 2583 885 Ludovici,

243 920 430 985 catal.
517 918 732 983 Jahnii
795 941 853 982 n.
898 919 1126 1001 2911).
1216 917 1492 1000 Depicta
1556 923 1653 979 est
1707 901 1944 980 femina
2000 916 2119 980 alis
2179 922 2245 978 et
2304 915 2585 979 caduceo

245 1025 592 1099 instructa,
657 1043 824 1104 quae
894 1021 1234 1103 puerulum
1291 1028 1506 1084 secum
1571 1026 1810 1101 portat.
1900 1017 2107 1095 Jahn,
2165 1038 2355 1100 quem
2417 1016 2583 1080 Max.

242 1124 461 1207 Mayer
516 1125 838 1205 sequitur,
901 1122 979 1188 cf.
1026 1121 1257 1187 Rosch.
1313 1121 1436 1186 lex.
1501 1144 1567 1204 p.
1620 1122 1763 1197 351,
1807 1120 1993 1185 hanc
2052 1118 2350 1183 feminam
2412 1118 2585 1181 Irida

241 1226 544 1308 appellat,
592 1225 931 1309 puerulum
981 1223 1338 1301 Herculem,
1399 1245 1793 1306 quamquam
1842 1222 2133 1287 Welcker
2178 1231 2244 1286 et
2287 1220 2581 1286 Gerhard

232 1329 364 1409 jam
428 1337 622 1393 antea
691 1329 865 1392 illam
931 1328 1153 1391 Irenen
1230 1347 1373 1391 cum
1442 1325 1631 1389 Pluto
1694 1326 2196 1391 nominaverunt.
2299 1323 2585 1402 Quorum

240 1431 518 1495 virorum
571 1432 1167 1514 interpretationem
1228 1450 1492 1511 sequar,
1555 1430 1729 1511 quod
1783 1428 2006 1491 Irenen
2072 1428 2258 1491 modo
2313 1426 2584 1490 vidimus

239 1535 494 1615 saepius
553 1534 774 1598 eadem
834 1533 1040 1597 forma
1096 1533 1366 1595 inveniri
1424 1551 1633 1613 neque
1693 1530 2005 1596 habemus
2065 1530 2235 1613 quod
2293 1529 2466 1592 Irida
2511 1548 2583 1591 eo

240 1635 426 1699 modo
473 1655 601 1718 quo
662 1635 784 1700 hac
839 1637 904 1698 in
961 1635 1218 1718 pictura
1262 1636 1723 1717 conjungamus
1784 1655 1928 1699 cum
1972 1634 2241 1717 puerulo
2289 1630 2584 1696 Hercule.

409 1737 531 1801 Sed
620 1757 964 1821 pergamus
1043 1739 1106 1800 in
1183 1738 1547 1803 tractandis
1616 1737 1831 1801 dubiis
1902 1737 2225 1801 Victoriae
2291 1735 2581 1817 picturis.

239 1839 443 1917 Quam
504 1840 686 1904 deam
742 1842 794 1904 si
851 1840 1461 1904 consideraverimus
1532 1861 1727 1921 quam
1786 1845 1966 1904 arcte
2032 1838 2377 1902 cohaereat
2441 1857 2583 1900 cum

238 1941 423 2018 belle,
471 1942 658 2006 facile
717 1962 1173 2023 cognoscemus
1231 1941 1508 2006 effictam
1575 1941 1896 2006 nonnullis
1953 1943 2014 2004 in
2072 1941 2360 2023 picturis,
2422 1957 2585 2020 quas

236 2065 405 2107 nunc
450 2044 854 2109 enumerabo,
947 2044 1161 2109 Prima
1219 2046 1389 2108 inest
1444 2045 1508 2106 in
1569 2064 1719 2108 vase
1777 2044 1857 2108 de
1911 2065 2040 2126 quo
2095 2050 2313 2107 actum
2372 2049 2470 2105 est
2518 2041 2581 2102 in

236 2144 399 2209 Buss.
445 2146 504 2210 d.
550 2146 705 2211 Inst.
762 2148 956 2225 1852,
1019 2169 1082 2230 p.
1130 2148 1229 2212 86.
1316 2147 1388 2211 In
1449 2144 1751 2209 inferiore
1805 2147 2103 2229 imaginis
2145 2152 2334 2228 parte
2381 2141 2584 2226 Chry-

235 2248 491 2329 sippum
535 2248 824 2314 videmus
870 2271 910 2314 a
955 2251 1109 2314 Laio
1152 2249 1523 2325 abductum,
1585 2251 1647 2311 in
1698 2251 2029 2332 superiore
2074 2254 2387 2332 quattuor
2431 2246 2585 2309 deos

239 2349 643 2428 Mercurium,
692 2351 1075 2428 Minervam,
1136 2352 1448 2416 Venerem
1507 2351 1832 2434 aliamque
1887 2352 2075 2415 deam
2120 2350 2380 2427 alatam,
2426 2371 2583 2413 non-

239 2452 416 2516 nulla
476 2474 657 2518 arma
715 2455 1188 2538 adportantem.
1276 2455 1455 2534 Quae
1510 2455 1635 2519 dea
1696 2453 1883 2536 vulgo
1926 2455 2048 2519 Iris
2093 2455 2422 2519 nominata
2466 2460 2581 2528 est,

237 2555 416 2619 nulla
451 2556 632 2637 justa
676 2577 873 2622 causa
917 2557 1153 2632 allata3
1198 2558 1256 2622 is
1286 2558 1398 2640 qui
1433 2558 1963 2639 circumspexerit
2007 2578 2202 2641 quam
2245 2556 2408 2621 bene
2453 2553 2586 2619 tale

235 2680 466 2722 munus
515 2658 839 2724 Victoriae
897 2667 972 2724 ut
1028 2662 1186 2725 deae
1250 2659 1399 2723 belli
1460 2660 2021 2725 accommodatum
2065 2660 2178 2736 sit,
2227 2659 2397 2723 hanc
2445 2678 2582 2722 esse

234 2761 560 2843 depictam
614 2762 801 2826 deam
860 2762 1162 2844 colligere
1222 2782 1345 2827 non
1395 2761 1739 2826 dubitabit.
1825 2763 2052 2845 Atque
2099 2763 2270 2826 idem
2316 2763 2396 2824 de
2440 2762 2585 2825 aliis

234 2863 445 2927 tribus
490 2865 765 2946 picturis
812 2865 1153 2929 dicendum
1213 2865 1338 2928 erit
1394 2886 1562 2947 quae
1608 2885 1828 2929 omnes
1872 2863 2261 2929 simillimam
2308 2864 2587 2928 reddunt

233 2967 532 3047 speciem.
637 2966 923 3044 Quarum
982 2966 1065 3030 de
1125 2968 1333 3048 prima
1387 2968 1518 3050 egit
1578 2968 1951 3044 Tischbein,
2014 2967 2387 3049 Sammlung
2449 2967 2584 3032 Ha-

232 3068 457 3133 milton
505 3069 552 3146 I,
600 3069 672 3144 43
736 3068 997 3151 depicta
1057 3075 1157 3132 est
1201 3069 1378 3152 virgo
1426 3071 1634 3147 alata,
1697 3092 1863 3154 quae
1923 3092 2053 3135 una
2109 3092 2254 3134 cum
2299 3070 2583 3134 caduceo

232 3171 549 3235 cassidem
595 3173 658 3234 in
706 3171 1001 3235 manibus
1045 3177 1272 3234 tenens
1303 3173 1783 3238 adulescentem
1826 3182 2145 3237 armatum
2191 3173 2584 3256 adloquitur.

232 3272 503 3336 Censuit
559 3279 807 3347 autem,
875 3272 1320 3337 Alcmaeonem
1383 3294 1522 3338 esse
1589 3275 2065 3340 adulescentem
2119 3298 2309 3358 quem
2369 3276 2490 3339 Iris
2545 3297 2584 3340 a

229 3374 488 3438 Junone
550 3374 743 3439 missa
804 3394 1199 3439 commovere
1252 3376 1577 3452 studeret,
1640 3384 1716 3441 ut
1775 3379 1996 3441 ducem
2056 3399 2123 3442 se
2169 3378 2583 3461 profiteretur

232 3477 662 3560 expeditionis
734 3485 963 3542 contra
1021 3477 1275 3542 Thebas
1333 3479 1471 3560 jam
1525 3480 1936 3544 constitutae.
2051 3481 2175 3545 Sed
2243 3484 2437 3548 timeo
2507 3506 2582 3546 ne

229 3580 423 3643 nimis
467 3579 674 3644 multa
704 3581 1074 3661 cognoverit
1119 3581 1215 3644 vir
1258 3581 1489 3647 doctus
1523 3582 1647 3647 hac
1695 3585 1759 3646 in
1807 3585 2107 3667 pictura:
2155 3606 2273 3667 ego
2319 3586 2580 3668 quidem

225 3681 392 3745 nihil
449 3682 624 3746 aliud
685 3682 872 3746 video
931 3683 1052 3746 nisi
1114 3684 1300 3748 deam
1362 3685 1603 3750 alatam
1661 3708 1829 3768 quae
1886 3685 2285 3751 adulescenti
2332 3696 2581 3753 armato

223 3806 412 3872 arma
455 3783 729 3866 perfert,
788 3785 962 3867 quod
1024 3788 1428 3868 propositum
1474 3789 1611 3852 sine
1660 3790 1855 3854 dubio
1900 3788 2074 3854 haud
2122 3811 2339 3854 rarum
2387 3789 2584 3855 fuerit

223 3907 525 3951 vasorum
582 3888 956 3969 pictoribus.
1048 3887 1212 3952 Nam
1257 3890 1571 3970 imagines
1632 3892 1991 3956 simillimas
2041 3894 2469 3975 conspicimus
2516 3896 2580 3957 in

220 3990 400 4053 vasis
448 3989 709 4053 Duridis
755 3998 822 4055 et
862 3991 1054 4075 Brygi
1106 3991 1450 4074 descriptis
1495 4014 1534 4056 a
1583 3993 1645 4055 Ρ.
1691 3994 1749 4058 J.
1803 3994 2041 4059 Meiere
2076 4000 2129 4079 2>
2177 4002 2243 4059 et
2287 4017 2328 4060 a
2371 3996 2573 4060 Brun-

220 4093 334 4155 nio
363 4096 440 4171 ⁸),
499 4112 770 4174 quorum
826 4092 1012 4158 valde
1076 4094 1421 4159 dolendum
1484 4103 1585 4160 est
1652 4097 1826 4178 quod
1900 4096 2266 4180 fragmenta
2325 4105 2580 4163 tantum

220 4193 412 4258 nobis
459 4194 552 4257 ita
595 4195 843 4260 tradita
871 4202 1041 4275 sunt,
1093 4204 1166 4262 ut
1210 4198 1461 4263 duobus
1505 4201 1571 4263 in
1601 4202 1770 4265 vasis
1800 4206 2003 4264 totam
2036 4200 2356 4284 picturam
2389 4223 2580 4266 accu-

406 4351 446 4415 ¹)
486 4350 556 4403 cf.
598 4350 883 4416 Gerhard,
940 4353 1156 4406 Auserl.
1197 4354 1364 4409 Vasb.
1404 4360 1454 4420 2,
1497 4359 1596 4423 83;
1648 4356 1850 4411 Rosch.
1893 4358 1998 4411 lex.
2046 4376 2087 4410 s.
2139 4361 2177 4410 t.
2217 4358 2352 4423 Iris,
2400 4356 2493 4424 fig.
2528 4359 2579 4421 8,

212 4439 370 4493 Bull.
414 4438 467 4490 d.
506 4439 642 4491 Inst.
674 4442 825 4506 1829,
865 4460 921 4509 p.
954 4445 1072 4495 110.
1230 4443 1270 4511 ⁹)
1310 4444 1480 4498 Arch.
1520 4444 1647 4514 Ztg.
1681 4445 1832 4510 1883,
1870 4445 1931 4498 Τ.
1966 4449 2010 4512 1,
2038 4449 2089 4498 2.
2232 4445 2275 4510 ³)
2315 4442 2376 4494 K.
2412 4442 2474 4495 G.
2505 4442 2575 4507 ΙΙ,

210 4529 330 4582 666
369 4531 426 4580 et
465 4527 760 4581 Benndorf
793 4528 850 4583 C.
891 4530 1009 4584 Taf.
1049 4533 1099 4598 7,
1138 4529 1215 4584 2b.
