3092 4934
1619 282 1700 346 18

484 469 879 535 collectionis
934 468 1324 551 Santangelo
1368 466 1671 551 Neapol.;
1733 474 1909 534 veste
1966 469 2158 535 talari
2206 472 2453 548 induta,
2512 472 2834 539 instructa

481 571 766 655 pinnulis
823 573 886 635 in
944 571 1216 655 pedihus
1272 571 1395 636 dea
1453 572 1515 635 in
1573 592 1769 635 manu
1826 573 2176 637 caduceum
2220 580 2449 639 tenens
2496 596 2686 640 cursu
2733 579 2831 640 in-

484 675 674 751 cedit,
722 673 801 739 cf.
848 672 1157 739 Roscheri
1202 673 1324 738 lex.
1368 672 1408 738 l.
1456 672 1496 736 l.
1539 672 1645 755 fig.
1692 674 1751 751 6,
1797 696 1861 757 p.
1909 674 2054 739 350.

649 793 886 870 Jahn,
949 799 1093 858 cat.
1148 813 1304 858 vas.
1349 792 1765 860 Pinacoth.
1815 793 2098 860 Monac.
2145 816 2203 858 n.
2254 796 2372 860 127
2420 798 2492 873 A,
2542 797 2661 862 Iris
2705 818 2827 862 non

477 896 655 961 alata
718 895 940 960 eodem
1009 917 1202 978 quem
1273 915 1473 978 supra
1549 896 1823 961 vidimus
1885 899 2119 962 vestitu
2188 899 2418 963 induta
2470 902 2538 964 in
2594 901 2828 965 dextra

478 999 834 1065 caduceum
877 998 1094 1063 habet.

644 1119 888 1196 Jahn,
935 1125 1077 1183 cat.
1126 1140 1187 1182 n.
1234 1118 1484 1202 3511).
1573 1120 1694 1184 Iris
1753 1119 1930 1185 alata
1986 1122 2052 1185 in
2112 1121 2343 1187 dextra
2399 1122 2709 1201 hirneam,
2757 1125 2825 1187 in

474 1224 655 1288 laeva
700 1221 1052 1286 caduceum
1099 1226 1324 1285 tenens
1354 1228 1554 1305 atque
1582 1225 1795 1301 mitra,
1841 1224 2081 1301 tunica,
2127 1223 2324 1307 pallio
2355 1232 2664 1290 exornata
2708 1247 2825 1308 per

472 1345 686 1389 aerem
731 1321 920 1387 volat.
1008 1322 1186 1400 Quae
1250 1323 1409 1388 deae
1465 1328 1715 1409 species
1773 1346 2167 1410 quamquam
2230 1348 2355 1391 non
2416 1330 2658 1393 usitata
2703 1335 2818 1406 est,

471 1434 685 1493 tamen
743 1433 917 1491 certe
974 1425 1164 1491 Iridis
1223 1445 1362 1491 esse
1419 1427 1575 1492 mihi
1637 1428 1915 1505 videtur,
1978 1449 2123 1493 cum
2179 1428 2345 1494 aliae
2389 1451 2648 1514 quoque
2695 1432 2824 1495 sint

470 1530 760 1614 picturae
813 1529 878 1592 in
938 1528 1173 1610 quibus
1228 1528 1349 1593 Iris
1410 1530 1636 1595 eadem
1697 1532 2090 1614 conspicitur
2151 1533 2433 1597 caduceo
2488 1540 2555 1596 et
2597 1532 2824 1598 hirnea

470 1639 719 1697 ornata.
823 1630 928 1696 Sic
989 1630 1311 1695 invenitur
1366 1632 1484 1696 Iris
1543 1634 1668 1698 dea
1724 1655 1915 1698 cursu
1973 1636 2313 1713 incedens,
2375 1641 2551 1699 veste
2610 1636 2821 1712 talari,

469 1735 608 1813 alia
656 1734 959 1811 caduceo,
1016 1732 1242 1798 hirnea
1284 1734 1605 1800 instructa
1645 1736 1711 1800 in
1759 1756 1906 1801 vase
1950 1738 2124 1819 quod
2171 1738 2441 1803 Athenis
2484 1737 2815 1802 inventum

469 1858 643 1903 nunc
707 1837 852 1901 Lut.
913 1835 1111 1902 Paris.
1179 1843 1594 1902 conservatur
1628 1843 1698 1917 ²).
1809 1838 2352 1904 Verisimillimum
2418 1846 2638 1905 autem
2701 1848 2817 1918 est,

466 1940 748 2006 artifices
793 1939 959 2004 tales
1014 1939 1100 2003 ad
1152 1939 1465 2022 imagines
1521 1939 1922 2024 effingendas
1979 1950 2330 2008 commotos
2376 1963 2513 2007 esse
2560 1942 2819 2008 Hesiodi

467 2044 633 2109 notis
674 2042 802 2107 illis
832 2042 1119 2108 versibus
1149 2041 1386 2127 Theog.
1421 2043 1736 2122 784-85,
1770 2045 1835 2108 in
1867 2045 2102 2126 quibus
2133 2044 2307 2110 Irida
2336 2045 2642 2110 describit
2686 2046 2822 2111 deis

464 2167 699 2230 aquam
746 2145 1033 2229 Stygiam
1080 2143 1391 2209 ferentem

1232 2267 1411 2329 θεῶν
1450 2263 1656 2347 μέγαν
1698 2260 1889 2349 ὅρκον
1933 2262 2173 2330 ἐνεῖκαι

776 2363 1079 2454 Τηλόθεν
1124 2364 1191 2432 ἐν
1233 2367 1466 2456 χρυσέῃ
1512 2363 1777 2453 προχόῳ
1821 2362 2251 2450 πολυώνυμον
2295 2364 2486 2453 ὕδωρ.

643 2489 843 2554 Aliter
887 2489 968 2553 de
1013 2488 1137 2555 hac
1182 2510 1254 2553 re
1298 2489 1624 2553 existimat
1667 2489 1836 2554 Max.
1883 2489 2120 2573 Mayer,
2170 2510 2315 2554 cum
2362 2490 2429 2570 (l.
2476 2485 2516 2555 l.
2563 2514 2626 2575 p.
2656 2492 2812 2575 322)

463 2595 580 2659 hos
633 2590 1055 2676 interpolatos
1107 2613 1329 2657 versus
1385 2591 1592 2656 factos
1652 2611 1791 2656 esse
1850 2592 2010 2657 dicit
2055 2592 2135 2658 ad
2182 2591 2605 2658 illustrandas
2650 2615 2814 2677 quo-

458 2695 799 2762 dammodo
843 2693 987 2759 illas
1032 2694 1218 2760 Iridis
1270 2695 1581 2776 imagines
1618 2695 1755 2777 jam
1798 2694 2048 2777 pridem
2091 2695 2174 2759 ab
2219 2695 2578 2761 artificibus
2624 2718 2814 2762 exco-

459 2801 698 2882 gitatas
742 2806 819 2862 ut
873 2797 999 2861 dea
1042 2796 1312 2880 pluviae.
1403 2796 1519 2862 Cui
1564 2778 1969 2878 conjecturae
2014 2799 2311 2863 assentiri
2356 2819 2482 2863 non
2525 2820 2809 2882 possum.

458 2902 680 2986 Neque
745 2901 910 2965 enim
978 2920 1169 2962 unam
1245 2899 1642 2982 eandemque
1702 2899 1978 2981 speciem
2036 2901 2324 2966 videmus
2392 2901 2585 2983 hujus
2652 2903 2812 2966 deae

455 3006 681 3070 hirnea
736 3004 1125 3079 instructae,
1187 3022 1266 3065 ex
1323 3023 1452 3084 qua
1503 3009 1699 3086 poeta
1757 3003 2130 3086 posterioris
2190 3005 2499 3087 temporis
2553 3003 2808 3068 illorum

455 3129 753 3172 versuum
806 3106 1206 3189 propositum
1263 3105 1475 3188 potuit
1532 3103 1826 3183 haurire,
1885 3106 1997 3170 sed
2045 3106 2215 3170 varie
2260 3106 2543 3171 artifices
2589 3127 2809 3171 versus

453 3211 626 3294 ipsos
668 3217 811 3274 arte
855 3229 972 3274 sua.
1015 3209 1340 3273 illustrare
1388 3208 1817 3284 studuerunt3
1864 3208 1957 3273 sic
1999 3209 2064 3271 in
2110 3208 2323 3291 priore
2366 3209 2642 3290 imagine
2687 3230 2735 3272 s.
2766 3209 2809 3271 l.

454 3316 640 3378 deam
684 3313 955 3377 vidimus
1001 3312 1334 3387 volantem,
1381 3311 1442 3374 in
1492 3310 1699 3375 altera
1739 3311 2175 3387 incedentem3
2241 3311 2304 3374 in
2348 3312 2562 3388 tertia,
2611 3333 2806 3394 quam

452 3438 624 3481 nunc
668 3414 1118 3490 tractabimus,
1179 3434 1282 3478 res
1340 3413 1555 3494 agitur
1608 3413 1784 3497 apud
1839 3414 2076 3478 inferos
2136 3414 2326 3497 ipsos.
2418 3413 2589 3477 Idem
2638 3414 2806 3477 enim

451 3539 685 3584 munus
744 3539 884 3582 eam
946 3516 1289 3581 obeuntem
1361 3517 1802 3599 cognoscimus
1859 3516 1924 3579 in
1986 3515 2231 3598 speculi
2287 3515 2545 3580 Etrusci
2600 3516 2804 3578 linea-

451 3623 685 3686 mentis
739 3620 821 3686 ab
880 3619 1102 3684 eodem
1158 3618 1495 3683 Gerhardo
1556 3617 1710 3682 editi
1737 3624 1809 3701 ⁸).
1903 3617 2203 3682 Videmus
2261 3618 2328 3681 in
2372 3617 2484 3682 illo
2538 3616 2802 3700 speculo

449 3725 749 3789 feminam
792 3723 1049 3797 alatam,
1093 3722 1306 3798 mitra,
1369 3721 1840 3797 calceamentis,
1901 3721 2123 3785 tunica
2168 3721 2359 3785 talari
2407 3727 2803 3795 exornatam,

449 3848 618 3909 quae
663 3826 896 3891 cursim
943 3846 1088 3889 cum
1133 3824 1361 3908 hydria
1402 3824 1887 3907 appropinquat
1913 3824 1995 3887 ad
2028 3823 2267 3888 fontem
2309 3824 2522 3906 capite
2550 3824 2804 3887 leonino

445 3930 819 3994 indicatum.
909 3928 1094 3991 Hunc
1150 3927 1396 3990 fontem
1455 3926 1715 4009 Stygem
1775 3946 1912 3990 esse
1968 3933 2165 4007 atque
2225 3932 2428 3989 totam
2484 3945 2617 3989 rem
2664 3926 2802 4007 geri

448 4032 622 4115 apud
683 4029 952 4106 inferos,
1009 4036 1308 4111 serpente
1370 4028 1773 4110 significatur
1828 4029 2018 4111 quem
2075 4026 2252 4092 humi
2296 4034 2662 4110 reptantem
2706 4030 2804 4092 ef—

447 4133 636 4199 finxit
677 4132 927 4199 artifeX.

448 4267 577 4276 ——-

623 4334 663 4397 ¹)
704 4331 776 4385 cf.
813 4329 1088 4396 Gerhard,
1138 4328 1355 4383 Auserl.
1410 4328 1543 4382 Vsb.
1588 4331 1704 4382 82.’
1849 4328 1891 4397 ²)
1937 4328 2006 4380 ef.
2045 4329 2172 4381 Gaz.
2215 4328 2367 4382 arch.
2410 4329 2564 4395 1888,
2602 4345 2653 4395 p.
2693 4330 2804 4382 204

447 4424 504 4473 et
542 4420 747 4474 Rosch.
788 4421 894 4473 lex.
933 4418 966 4472 l.
1009 4418 1045 4469 1.
1082 4415 1174 4484 fig.
1215 4420 1263 4481 7,
1312 4434 1367 4485 p.
1409 4418 1527 4470 350.
1745 4418 1786 4485 ³)
1827 4416 1897 4470 cf.
1938 4415 2167 4470 Etrusk.
2207 4416 2431 4484 Spiegel
2466 4416 2508 4483 1,
2546 4418 2632 4483 41,
2676 4418 2691 4466 1
2743 4422 2804 4470 et

444 4506 665 4574 Miiller,
701 4506 894 4560 Musee
931 4504 1331 4558 Thorwaldsen
1373 4508 1509 4558 sect.
1551 4505 1618 4570 II,
1657 4523 1713 4573 p.
1757 4507 1874 4558 172.
