3092 4934
1447 340 1484 404 7

283 533 658 604 sectatores,
705 526 1164 610 sejungendam
1212 547 1348 591 esse
1393 547 1431 592 a
1477 526 1602 591 dea
1645 525 1865 610 pluvia
1909 527 2286 610 posterioris
2330 531 2639 612 temporis

284 650 454 711 quae
498 629 562 692 in
617 627 880 711 Vergili,
929 627 1136 706 Ovidi,
1182 629 1451 694 aliorum
1497 628 1758 711 scriptis
1802 628 1987 693 nobis
2032 632 2333 696 occurrit.

456 748 685 832 Itaque
734 769 904 813 nunc
948 751 1032 812 ad
1082 756 1371 813 nostram
1402 751 1607 832 ipsam
1639 750 2084 830 quaestionem
2110 750 2461 826 veniamu8‚
2507 769 2640 833 qua

288 852 495 915 forma
540 860 607 916 et
651 859 890 916 natura
935 851 1059 916 dea
1090 858 1314 917 nostra
1342 849 1498 916 ficta
1527 851 1615 915 sit
1643 871 1683 915 a
1711 858 1998 915 veterum
2029 851 2406 917 artificibus.
2481 852 2636 916 Rem

285 959 502 1019 autem
550 957 642 1019 ita
685 954 989 1030 dividam,
1038 960 1114 1019 ut
1159 955 1439 1037 primum
1486 973 1673 1037 agam
1720 953 1800 1017 de
1843 953 2037 1018 Iridis
2068 955 2361 1037 picturis,
2407 954 2641 1018 deinde

282 1058 670 1121 sententiam
718 1054 1040 1139 proferam
1086 1058 1167 1120 de
1212 1056 1518 1139 operibus
1572 1055 1813 1137 quibus
1858 1055 2011 1119 Irim
2056 1062 2305 1121 veteres
2353 1055 2639 1121 artifices

286 1179 600 1241 corporea
641 1159 989 1223 tractanda
1032 1160 1305 1223 materia
1348 1157 1594 1241 fingere
1638 1157 2061 1234 studuerunt3
2107 1179 2276 1241 quae
2318 1159 2399 1224 ad
2432 1166 2639 1223 artem

200 1270 203 1273 ’
286 1260 577 1325 criticam
656 1269 972 1344 spectant,
1044 1281 1161 1325 suo
1224 1282 1523 1344 quaeque
1594 1260 1735 1326 loco
1795 1262 2229 1343 praemittam,
2295 1282 2442 1326 cum
2511 1282 2635 1325 non

286 1363 512 1428 eadem
559 1363 701 1445 lege
745 1365 960 1428 variae
1004 1364 1169 1429 artis
1213 1370 1630 1429 monumenta
1672 1364 2092 1445 dijudicanda
2133 1365 2285 1428 sint.

456 1483 776 1566 Imagines
819 1484 1011 1549 Iridis
1053 1485 1315 1549 minime
1359 1484 1593 1549 dubias
1639 1483 1955 1567 praebent
1999 1482 2202 1560 nobis,
2247 1489 2325 1547 ut
2368 1503 2407 1547 a
2443 1483 2638 1547 certis

286 1587 372 1651 ad
419 1587 631 1651 fontes
676 1588 887 1652 minus
933 1594 1145 1653 certos
1189 1585 1701 1670 progrediamur,
1748 1587 2046 1668 picturae
2090 1606 2258 1668 quae
2302 1586 2525 1650 insunt
2568 1586 2633 1647 in

286 1688 466 1753 Iliad.
513 1691 654 1753 cod.
701 1688 958 1755 Mediol.
1002 1697 1068 1754 et
1124 1691 1189 1753 in
1237 1688 1478 1771 Vergili
1529 1688 1671 1755 cod.
1715 1686 1923 1752 Vatic.
1972 1687 2142 1752 3225
2167 1692 2241 1772 ¹).
2330 1687 2637 1752 Videmus

287 1792 457 1854 enim
501 1792 567 1855 in
613 1791 797 1857 Iliad.
844 1792 980 1857 cod.
1031 1790 1304 1870 Mediol.‚
1351 1791 1484 1856 tab.
1533 1790 1746 1855 XXIX
1770 1794 1823 1874 ³)
1886 1789 2065 1854 illam
2108 1811 2246 1855 rem
2291 1790 2635 1873 depictam,

287 1913 481 1976 quam
545 1892 861 1959 Homerus
927 1895 994 1958 in
1061 1893 1229 1959 libro
1296 1893 1466 1971 VIII,
1533 1915 1591 1958 v.
1645 1892 1986 1958 350-430
2049 1892 2235 1957 nobis
2305 1890 2635 1957 describit.

285 1994 592 2079 «Iuppiter
634 1996 812 2061 Irida
862 1997 1152 2061 demittit
1209 1997 1291 2060 de
1338 1995 1630 2080 Olympo,
1692 2002 1769 2059 ut
1810 1994 2131 2060 «Iunonem
2176 2001 2242 2060 et
2286 1993 2638 2058 Minervam

287 2118 454 2180 quae
501 2101 782 2164 Graecos
842 2099 1212 2164 laborantes
1266 2098 1564 2181 adjutum
1618 2099 1683 2161 in
1741 2117 2026 2181 pugnam
2083 2095 2413 2182 profectae
2466 2103 2639 2174 sunt,

288 2201 548 2284 incepto
595 2200 922 2266 abstinere
968 2200 1215 2283 jubeat.
1302 2200 1534 2283 Itaque
1596 2200 1661 2265 in
1728 2198 2032 2264 inferiore
2098 2200 2393 2282 picturae
2451 2205 2641 2281 parte

288 2301 580 2368 videmus
607 2301 1004 2369 Graecorum
1040 2311 1106 2367 et
1128 2302 1551 2385 Trojanorum
1581 2302 1920 2385 proelium,
1965 2304 2030 2365 in
2074 2308 2263 2386 parte
2307 2301 2640 2385 superiore

289 2404 642 2470 eminentes
709 2427 744 2470 e
812 2405 1092 2470 nubibus
1159 2405 1316 2470 deas
1382 2404 1703 2469 «Iunonem
1763 2404 2263 2486 Minervamque,
2331 2403 2415 2467 ad
2476 2422 2639 2486 quas

290 2509 559 2590 propius
619 2508 873 2573 accedit
917 2509 1036 2573 Iris
1080 2515 1156 2572 ut
1197 2507 1374 2573 Jovis
1432 2507 1814 2572 mandatum
1874 2505 2189 2589 perficiat.
2280 2504 2462 2570 Sicut
2506 2504 2639 2569 Ho-

289 2630 505 2673 merus
552 2610 729 2674 illam
773 2612 837 2675 in
884 2631 1073 2675 versu
1119 2611 1245 2675 398
1289 2630 1480 2693 quem
1523 2629 1727 2692 supra
1756 2608 1969 2686 attuli,
2015 2608 2381 2692 descripsit,
2429 2609 2640 2690 pictor

286 2733 547 2795 quoque
590 2714 839 2795 magnis
882 2712 1058 2777 Irida
1100 2713 1409 2777 instruxit
1452 2711 1591 2777 alis.

460 2833 685 2897 Altera
742 2833 1067 2897 invenitur
1124 2831 1368 2913 effigies
1410 2831 1607 2895 Iridis
1661 2832 1724 2894 in
1775 2828 2018 2913 Vergili
2065 2829 2201 2894 cod.
2250 2829 2459 2896 Vatic.
2504 2828 2637 2893 tab.

287 2933 431 2997 LXI
451 2938 523 3016 ³).
586 2935 806 3000 Pictor
862 2934 1157 3017 depinxit
1199 2933 1474 2999 Junonis
1517 2936 1805 2998 nuntiam
1849 2930 2235 2997 Rutulorum
2280 2932 2637 3015 principem

288 3035 576 3102 Turnum
623 3036 1079 3119 alloquentem,
1124 3057 1318 3119 quam
1365 3057 1499 3101 rem
1546 3034 1870 3119 Vergilius
1915 3036 1980 3099 in
2031 3037 2182 3099 Aen.
2226 3034 2267 3101 l.
2310 3034 2424 3111 IX,
2475 3034 2642 3099 1--4

286 3138 471 3204 nobis
526 3147 765 3205 narrat.
855 3138 1130 3204 Devolat
1181 3138 1303 3203 dea
1358 3140 1426 3202 in
1478 3138 1706 3215 solum,
1770 3137 1934 3203 bene
1994 3144 2325 3214 exornata,
2388 3137 2640 3220 magnis

285 3240 586 3323 praedita
637 3243 868 3325 pinnis,
930 3242 1162 3307 induta
1214 3247 1392 3306 veste
1449 3240 1663 3306 talari.
1754 3238 2133 3318 „Laudabili
2190 3245 2381 3324 tropo
2424 3240 2638 3322 pictor
2757 3233 2761 3237 ⁴

288 3363 510 3407 arcum
572 3343 763 3409 Iridis
823 3366 903 3410 ex
963 3344 1247 3426 ejusdem
1301 3344 1493 3428 peplo
1550 3344 1955 3426 composuit“
2014 3342 2120 3426 (A.
2166 3341 2343 3421 Mai).
2431 3340 2635 3419 Quam

288 3445 515 3528 Angeli
550 3446 676 3511 Mai
723 3454 942 3512 notam
985 3453 1164 3511 recte
1208 3466 1279 3511 se
1321 3444 1564 3511 habere
1595 3465 1975 3531 persuasum
2004 3445 2162 3509 mihi
2189 3444 2419 3523 habeo,
2464 3443 2638 3526 quod

287 3556 359 3612 ut
405 3568 606 3633 supra
640 3550 774 3630 jam
820 3549 1086 3633 probavi
1140 3548 1459 3630 Vergilius
1519 3548 1645 3613 illis
1704 3549 1914 3631 poetis
1976 3546 2495 3612 adnumerandus
2540 3556 2639 3612 est

285 3652 398 3733 qui
443 3650 593 3715 Irim
637 3651 825 3716 deam
871 3673 1013 3717 cum
1068 3672 1225 3715 arcu
1290 3650 1550 3716 caelesti
1615 3649 2086 3733 quodammodo
2147 3649 2636 3730 conjunxerunt,

284 3754 510 3835 itaque
555 3775 634 3816 ex
675 3753 817 3837 ipso
850 3752 1133 3835 Vergilio
1169 3753 1234 3816 in
1268 3753 1639 3817 denotanda
1669 3752 1837 3817 Iride
1867 3753 2079 3835 pictor
2108 3752 2326 3834 potuit
2354 3749 2635 3816 haurire.

458 3872 635 3950 Quae
657 3872 847 3938 Iridis
865 3872 1179 3954 imagines
1197 3892 1588 3955 quamquam
1608 3872 1985 3956 posterioris
2008 3873 2313 3954 temporis
2333 3877 2486 3935 sunt
2501 3891 2633 3934 mo-

286 3981 596 4039 numenta
619 3979 696 4058 ⁴),
742 3982 957 4040 tamen
989 3973 1163 4040 haud
1198 3975 1705 4040 contemnendae
1737 3974 1890 4038 mihi
1923 3992 2060 4039 esse
2090 3972 2414 4051 videntur,
2462 3973 2636 4056 quod

428 4278 472 4343 1)
513 4275 600 4331 ed.
639 4277 701 4330 A.
742 4275 873 4340 Mai,
926 4274 1142 4329 Romae
1180 4276 1335 4342 1835,
1385 4280 1442 4329 et
1479 4275 1808 4344 Agincourt‚
1856 4274 2106 4329 Histoire
2152 4273 2223 4328 de
2272 4272 2420 4340 l’art,
2467 4273 2529 4328 T.
2566 4273 2636 4330 V.

289 4363 331 4433 ⁸)
369 4364 441 4418 cf.
480 4363 774 4432 Stephani,
810 4363 1048 4419 Nimbus
1085 4361 1203 4416 und
1242 4362 1700 4430 StrnhIenkrnuz,
1738 4379 1795 4431 p.
1833 4364 1921 4415 63.
2140 4361 2185 4429 ⁸)
2229 4359 2299 4416 cf.
2339 4361 2633 4431 Stephani,

283 4450 521 4506 Nimbus
561 4451 676 4505 und
715 4450 1172 4514 Strahlenkranz,
1211 4468 1265 4519 p.
1303 4451 1402 4518 63;
1443 4450 1679 4515 Bai-toli,
1721 4449 1862 4503 Pict.
1905 4449 2060 4527 Virg.
2099 4448 2219 4502 tab.
2256 4451 2307 4504 6.
2453 4450 2494 4517 ⁴)
2531 4449 2632 4504 sed

287 4538 700 4594 admonendum
752 4544 838 4593 est
887 4540 1137 4594 codicem
1175 4537 1559 4607 Vergilianum
1605 4554 1703 4591 sen
1752 4536 1990 4591 schedas
2041 4534 2340 4591 Vaticanas
2376 4537 2541 4591 alteri
2576 4554 2634 4607 p.
