3092 4934
1615 382 1699 445 26

491 570 796 635 Videmus
860 571 924 634 in
979 569 1103 635 hoc
1157 588 1335 646 vase,
1392 570 1574 651 cujus
1627 571 1885 652 pictura
1930 568 2225 635 Herculis
2286 552 2831 636 consecrationem

488 674 671 738 nobis
716 681 867 737 ante
911 672 1130 738 oculos
1187 673 1390 755 ponit,
1449 670 1809 736 Minervam
1858 678 1924 736 et
1967 671 2306 737 Herculem
2352 674 2673 757 quadriga
2716 696 2833 758 per

487 797 697 840 aerem
742 783 974 841 vectos.
1060 774 1145 838 Et
1199 781 1351 838 anto
1408 780 1474 836 et
1524 781 1674 856 post
1734 774 2110 856 quadrigam
2172 774 2293 838 dea
2348 776 2527 842 alata
2570 777 2833 861 depicta

489 886 605 957 est,
652 899 924 961 quarum
979 878 1249 943 alteram
1314 898 1458 941 cum
1512 876 1838 940 Minervae
1901 897 2083 941 arma
2144 876 2394 943 deferat
2437 879 2629 945 facile
2675 901 2830 963 cog-

487 1002 750 1046 noscere
781 1001 1119 1064 possumus
1149 980 1519 1057 Victoriam,
1554 978 1825 1043 alteram
1856 1000 2025 1061 quae
2054 980 2411 1062 quadrigae
2441 986 2833 1049 antecedens

488 1083 940 1149 candelabrum
1017 1104 1206 1146 manu
1266 1084 1464 1164 gerit,
1522 1080 2049 1163 Trendelenburg
2111 1089 2178 1147 et
2239 1082 2482 1148 Roulez
2537 1092 2605 1149 et
2662 1086 2832 1151 Max.

488 1185 707 1270 Mayer
761 1188 823 1249 in
871 1184 1102 1249 Rosch.
1147 1185 1269 1248 lex.
1319 1207 1380 1267 p.
1427 1183 1554 1249 356
1600 1185 2090 1248 nominaverunt
2132 1185 2323 1263 hida,
2385 1186 2718 1268 Millingen
2767 1195 2835 1252 et

486 1289 690 1371 ipsam
737 1286 1105 1352 Victoriam.
1194 1287 1432 1351 Facere
1476 1306 1602 1350 non
1645 1305 1903 1368 possum
1936 1290 2092 1371 quin
2119 1290 2462 1371 posteriori
2502 1290 2834 1355 adsentiar

485 1387 952 1471 significationi.
1037 1389 1198 1454 Nam
1227 1390 1505 1472 primum
1535 1389 1884 1453 tenendum
1917 1395 2031 1467 est,
2081 1410 2203 1454 non
2239 1392 2447 1456 minus
2483 1392 2835 1459 Victoriam

489 1514 683 1575 quam
728 1493 904 1557 Irida
946 1500 1166 1577 aptam
1212 1513 1349 1557 esse
1393 1491 1545 1557 huic
1588 1492 1729 1556 loco
1777 1513 1920 1556 cum
1968 1495 2227 1576 saepius
2272 1494 2636 1577 complures
2684 1496 2833 1562 Vic-

484 1597 691 1661 toriae
771 1598 1149 1677 conjunctae
1213 1594 1530 1659 similibus
1596 1594 2040 1659 occasionibus
2099 1597 2535 1673 inveniantur3
2598 1599 2833 1663 deinde

485 1707 698 1763 autem
745 1698 1248 1782 praedicandum
1298 1704 1426 1774 est,
1481 1697 1656 1761 Irida
1711 1696 1886 1760 nullo
1939 1697 2067 1762 alio
2124 1698 2265 1763 loco
2319 1699 2642 1783 depictam
2692 1722 2831 1766 esse

488 1800 940 1865 candelabrum
998 1798 1292 1865 manibus
1351 1806 1709 1876 tenentem,
1776 1806 1999 1864 contra
2047 1800 2369 1866 Victoriae
2413 1802 2537 1868 hoc
2579 1804 2832 1887 insigne

484 1906 772 1981 inveniri,
820 1906 989 1968 sicut
1030 1905 1098 1967 in
1130 1902 1480 1980 Athenaeo,
1523 1902 1565 1966 1.
1599 1901 1672 1981 V,
1702 1903 1742 1965 6
1787 1909 2039 1987 satyros
2085 1914 2151 1968 et
2199 1904 2519 1970 Victorias
2566 1908 2832 1973 comites

483 2027 756 2090 pompae
804 2008 1220 2091 Dionysiacac
1265 2012 1558 2089 portasse
1603 2005 1994 2071 candelabra
2038 2007 2350 2071 traditum
2396 2014 2513 2072 cst.

654 2110 829 2175 Haec
871 2112 1084 2174 omnia
1127 2129 1293 2193 quae
1337 2108 1742 2191 respicienda
1782 2115 1934 2172 sunt
1969 2108 2158 2174 lridis
2200 2110 2497 2193 depictae
2540 2112 2836 2195 exempla

483 2233 620 2277 esse
666 2213 993 2291 videntur3
1049 2213 1373 2276 veniamus
1432 2232 1599 2274 nunc
1658 2211 1742 2276 ad
1801 2210 2072 2276 alteram
2129 2218 2387 2277 nostrae
2444 2222 2834 2281 commenta-

484 2318 678 2381 tionis
721 2323 970 2399 partem
1029 2317 1094 2379 in
1149 2336 1280 2398 qua
1336 2315 1416 2378 de
1470 2315 1563 2378 eis
1607 2334 1870 2396 agemus
1913 2313 2105 2379 Iridis
2151 2315 2537 2396 imaginibus
2582 2338 2751 2400 quae
2794 2339 2837 2383 a

486 2417 820 2484 fictoribus
865 2418 1077 2484 factae
1120 2424 1287 2483 sunt.

657 2521 830 2599 Quas
894 2522 1202 2603 imagines
1259 2539 1406 2583 raro
1458 2521 1757 2598 inveniri,
1816 2524 2046 2586 mirum
2102 2539 2229 2583 non
2286 2527 2414 2597 est3
2482 2523 2832 2587 tenendum

484 2626 653 2689 enim
699 2631 798 2689 est
840 2630 1123 2689 nostram
1169 2623 1354 2687 deam
1401 2623 1468 2686 in
1514 2643 1732 2689 eorum
1781 2626 2109 2689 numinum
2168 2643 2431 2689 numero
2476 2643 2616 2688 esse
2661 2645 2833 2708 quae

486 2735 560 2791 ut
603 2729 697 2791 ita
742 2726 954 2791 dicam
998 2725 1316 2790 secundas
1359 2724 1459 2788 vel
1503 2728 1733 2790 tertias
1780 2729 1844 2791 in
1890 2727 1989 2791 dis
2033 2733 2231 2809 agant
2273 2731 2511 2808 partes.
2602 2725 2834 2809 ltaque

487 2829 835 2894 Victoriam
866 2830 1050 2893 deam
1082 2829 1339 2911 saepius
1367 2833 1567 2911 atque
1595 2828 2026 2912 pulcherrime
2056 2831 2119 2892 in
2150 2828 2433 2910 gemmis,
2459 2827 2525 2890 in
2560 2830 2831 2912 ectypis,

486 2938 626 2996 tota
686 2931 894 3014 figura
951 2931 1344 2996 admiramur
1404 2929 1658 3006 fictam,
1722 2931 1912 2996 Iridis
1982 2937 2197 2996 autem
2265 2950 2508 3013 paucas
2573 2937 2833 2996 tantum

485 3042 683 3117 atque
728 3055 837 3099 eas
881 3054 1356 3115 nonnumquam
1402 3033 1631 3098 dubias
1675 3034 1984 3116 imagines
2030 3034 2357 3100 habemus.

657 3136 839 3216 Quod
887 3138 1123 3201 attinet
1167 3137 1249 3200 ad
1296 3135 1521 3201 harum
1560 3138 1907 3219 imaginum
1953 3137 2226 3218 primam
2256 3141 2527 3217 partem,
2574 3138 2833 3202 omnino

486 3239 751 3304 dubium
808 3248 906 3304 est
961 3260 1113 3303 num
1170 3259 1393 3304 revera
1449 3246 1735 3321 gemmae
1786 3245 2047 3303 nostrae
2107 3238 2265 3302 deae
2323 3236 2596 3319 effigiem
2644 3239 2833 3303 nobis

483 3343 856 3428 praebeant.
957 3343 1185 3424 Agitur
1248 3345 1412 3406 enim
1480 3341 1563 3406 de
1620 3340 1946 3424 lapidibus
2003 3340 2416 3424 quibusdam,
2471 3342 2537 3404 in
2594 3340 2832 3424 quibus

487 3446 773 3512 videmus
829 3446 1129 3510 feminam
1181 3445 1527 3529 papilionis
1578 3445 1956 3527 plerumque
2013 3443 2133 3507 alis
2187 3444 2586 3521 instructam,
2633 3465 2833 3525 quam

484 3548 781 3624 Toelken,
829 3569 1017 3631 quem
1067 3548 1234 3612 Max.
1273 3549 1492 3632 Mayer
1533 3549 1826 3630 sequitur
1870 3546 1913 3609 1.
1946 3545 1986 3609 l.
2031 3567 2090 3628 p.
2124 3545 2269 3619 357,
2316 3546 2381 3609 in
2428 3544 2615 3609 catal.
2664 3565 2831 3626 gem.

485 3651 646 3716 Mus,
697 3650 904 3716 Berol.
949 3674 1009 3734 p.
1041 3652 1167 3715 230
1211 3671 1243 3714 s
1305 3673 1366 3713 n.
1406 3648 1760 3726 1344-47,
1807 3647 1982 3711 Irida
2025 3667 2163 3711 esse
2207 3647 2362 3711 vult.
2450 3646 2592 3724 Qua
2635 3648 2715 3712 de
2759 3670 2835 3715 re

485 3757 580 3819 sic
614 3753 1036 3835 judicandum
1093 3774 1231 3818 esse
1294 3773 1541 3818 censeo.
1633 3751 1912 3815 Primum
1961 3749 2430 3832 respiciendum
2477 3755 2594 3826 est,
2655 3750 2836 3817 Irida

486 3857 670 3922 deam
717 3855 895 3921 nulla
939 3858 1003 3919 in
1048 3857 1325 3938 imagine
1384 3875 1589 3938 usque
1648 3853 1860 3918 adhuc
1905 3858 2191 3918 tractata
2237 3858 2645 3933 conspectam
2691 3873 2836 3919 esse

482 3961 840 4043 praeditam
896 3960 1016 4023 alis
1076 3959 1417 4042 papilionis
1428 3983 1444 4035 3
1511 3959 1732 4041 itaque
1777 3976 2167 4040 quamquam
2214 3955 2686 4020 concedendum
2732 3964 2840 4024 est

484 4063 769 4147 potuisse
813 4059 971 4145 fingi
1015 4062 1166 4127 Irim
1211 4064 1568 4146 posteriore
1620 4061 1968 4144 praecipue
2011 4065 2300 4140 tempore
2345 4058 2839 4125 versicoloribus

486 4168 869 4231 instructam
926 4164 1269 4248 papilionis
1330 4166 1544 4248 pinnis
1573 4166 1658 4247 1),
1723 4163 1937 4246 quoad
1986 4168 2230 4226 certum
2276 4158 2459 4224 nobis
2502 4159 2839 4226 inventum

666 4409 710 4476 ยน)
750 4407 1056 4463 notandum
1096 4410 1195 4471 est,
1233 4405 1502 4459 Jahnium
1540 4422 1762 4474 quoque
1798 4403 1970 4457 Arch.
2008 4402 2271 4469 Beitriige
2310 4418 2365 4469 p.
2398 4401 2498 4455 196
2528 4399 2839 4473 judicasse,

486 4499 549 4550 in
598 4497 831 4567 gemmis
884 4512 1051 4564 supra
1099 4495 1134 4548 l.
1189 4492 1432 4547 artifices
1478 4492 1617 4546 Iridi
1665 4491 1967 4560 papilionis
2024 4488 2346 4542 attribuisse
2392 4489 2593 4557 pinnas
2642 4492 2840 4547 multis

484 4590 796 4640 commotos
837 4600 998 4637 arcus
1039 4581 1291 4636 caelestis
1331 4581 1633 4634 coloribus.
1737 4622 1744 4631 .
