3092 4934
1575 372 1658 434 24

435 555 619 621 Mus.
665 555 921 621 Berol.
965 578 1025 620 n.
1075 558 1307 634 18953
1372 557 1636 640 depicta
1680 564 1780 623 est
1836 559 1901 622 in
1954 558 2078 624 hac
2121 557 2379 643 hydria,
2444 578 2614 641 quae
2669 558 2783 622 de-

435 659 680 741 scripta
726 665 825 723 est
868 659 1040 742 apud
1089 659 1519 737 Gerhardum,
1569 660 1637 722 A.
1676 660 1749 724 V.
1793 669 1840 725 t.
1883 660 2053 738 XIV,
2097 669 2255 726 nota
2299 660 2524 726 fabula
2565 660 2782 742 judicii

437 760 704 825 Paridis.
809 761 882 824 In
948 761 1179 827 dextra
1247 764 1543 846 picturae
1616 769 1805 845 parte
1872 762 2169 828 Paridem
2235 763 2525 827 videmus
2592 762 2810 828 collo-.

436 869 737 945 quentem
797 883 941 928 cum
1003 862 1334 930 Mercurio
1393 865 1675 932 caduceo
1733 865 2116 948 significato.
2203 865 2393 931 Hunc
2450 865 2641 930 deum
2694 864 2786 928 fe-

436 966 609 1030 mina
652 966 947 1049 sequitur
993 974 1059 1032 et
1104 968 1247 1050 ipsa
1291 968 1577 1033 caduceo
1624 967 1953 1043 denotata,
2018 988 2213 1051 quam
2260 968 2457 1033 etiam
2501 968 2789 1051 corporis

437 1075 615 1133 motu
679 1067 949 1132 similem
998 1068 1316 1135 Mercurio
1372 1071 1587 1153 pictor
1649 1070 1955 1135 reddidit.
2061 1070 2215 1135 Post
2271 1070 2443 1136 hanc
2485 1070 2786 1136 feminam

437 1170 747 1249 Minerva,
791 1170 976 1249 Juno,
1024 1170 1240 1237 Venus
1271 1172 1596 1238 incedunt.
1683 1173 1964 1239 Dubium
2013 1193 2150 1238 esse
2179 1193 2304 1237 non
2351 1179 2586 1257 potest,
2631 1174 2786 1255 quin

438 1272 597 1337 haec
655 1271 895 1337 femina
962 1273 1306 1355 conjuncta
1370 1295 1515 1339 cum
1573 1274 1894 1340 Mercurio
1952 1282 2021 1340 et
2074 1275 2358 1340 caduceo
2425 1273 2791 1357 significata

436 1376 701 1440 dearum
766 1396 976 1441 comes
1030 1376 1152 1442 Iris
1195 1378 1313 1455 sit,
1374 1378 1547 1459 quod
1594 1398 1763 1442 unus
1805 1377 2331 1461 Trendelenburg
2377 1379 2490 1460 qui
2532 1378 2788 1444 omnino

435 1478 682 1544 alatam
739 1484 994 1543 tantum
1058 1479 1235 1544 Irida
1302 1479 1630 1563 depictam
1702 1500 1839 1545 esse
1893 1480 2063 1559 vult,
2122 1482 2187 1544 in
2246 1481 2786 1546 commentatione

434 1582 694 1665 saepius
736 1580 778 1646 l.
823 1582 1056 1664 (Arch.
1105 1582 1248 1664 Ztg‚
1303 1582 1495 1667 1880)
1541 1584 1902 1665 denegavit.

608 1683 1205 1767 Furtwangler,
1253 1691 1399 1750 cat.
1449 1706 1506 1748 n.
1550 1685 1782 1762 3240,
1832 1684 2230 1763 Gerhard,
2281 1686 2507 1769 Apul.
2558 1685 2630 1750 V.
2675 1685 2785 1763 IX,

434 1809 495 1870 p.
549 1787 665 1862 153
733 1787 999 1851 eandem
1066 1786 1351 1853 fabulam
1412 1786 1538 1852 hac
1605 1788 1666 1850 in
1726 1787 2041 1871 amphora
2095 1788 2423 1872 depictam
2478 1789 2785 1853 videmus.

436 1889 703 1955 Pictura
759 1891 854 1954 ita
923 1896 1179 1955 tantum
1246 1891 1421 1972 quod
1479 1889 1565 1955 ad
1629 1896 1913 1955 nostram
1975 1911 2109 1955 rem
2169 1891 2410 1957 attinet
2474 1889 2693 1956 differt
2750 1912 2792 1957 a

437 1993 768 2076 superiore
827 2000 903 2057 ut
958 1991 1079 2057 Iris
1135 2013 1260 2058 non
1319 2014 1530 2057 comes
1577 1992 1859 2057 omnium
1902 1993 2170 2057 dearum
2215 1993 2386 2058 sicut
2430 1992 2791 2059 Mercurius

435 2095 751 2172 videatur,
799 2095 913 2159 sed
959 2095 1148 2160 unius
1180 2094 1454 2160 Junonis
1485 2095 1887 2167 administra,
1936 2116 2080 2159 cum
2110 2115 2316 2177 prope
2361 2093 2535 2159 illam
2564 2096 2790 2160 sedens

436 2197 835 2263 alabastrum
881 2198 1116 2264 dextra
1158 2200 1219 2261 in
1268 2219 1464 2263 manu
1509 2204 1751 2263 teneat.
1843 2197 1980 2262 Dea
2033 2197 2281 2280 magnis
2325 2197 2447 2262 alis
2491 2198 2791 2280 praedita

437 2307 538 2364 est
579 2307 781 2383 atque
845 2299 1074 2365 induta
1131 2321 1362 2383 magno
1416 2308 1648 2366 ornatu
1708 2299 1921 2384 qualis
1972 2300 2037 2363 in
2085 2300 2256 2364 vasis
2298 2302 2552 2383 generis
2598 2300 2789 2384 Apuli

438 2403 708 2467 inveniri
754 2402 937 2468 solet.

613 2503 769 2569 Cat.
816 2525 975 2570 vas.
1008 2505 1197 2570 Mus.
1230 2505 1420 2570 Brit.
1471 2527 1530 2569 n.
1572 2505 1786 2582 1535,
1833 2501 2126 2568 Bullet.
2161 2503 2389 2570 Arch.
2427 2505 2700 2590 Napol.
2736 2508 2788 2583 Ι,

448 2606 668 2683 1842,
729 2629 792 2690 p.
840 2609 909 2686 73
954 2608 1253 2700 ,videmus
1309 2607 1433 2674 hoc
1497 2609 1564 2670 in
1626 2627 1772 2672 vase
1831 2608 2052 2673 eodem
2110 2628 2371 2673 munere
2429 2609 2681 2673 comitis
2725 2617 2792 2674 et

438 2709 857 2775 administrae
883 2710 1155 2777 Junonis
1186 2711 1360 2777 lrida
1387 2710 1778 2792 fungentem.
1872 2711 2176 2796 Depinxit
2206 2710 2442 2777 artifex
2471 2710 2790 2777 Junonem

436 2811 727 2893 aliasque
781 2812 936 2877 deas
993 2814 1308 2879 adeuntes
1369 2813 1669 2879 Herculis
1738 2813 2004 2880 infantis
2069 2822 2338 2879 matrem
2397 2812 2790 2880 Alcmenam.

438 2915 559 2978 Iris
604 2912 993 2998 colloquitur
1025 2937 1170 2981 cum
1202 2915 1529 2993 Alcmena,
1573 2917 1898 2982 instructa
1942 2923 2042 2981 est
2085 2915 2208 2981 alis
2253 2922 2321 2980 et
2362 2915 2615 2993 baci110,
2663 2937 2791 2999 quo

437 3037 554 3100 pro
610 3016 893 3082 caduceo
949 3039 1090 3083 eam
1143 3020 1237 3082 uti
1303 3018 1733 3100 colligendum
1791 3025 1918 3093 est,
1986 3025 2188 3100 atque
2231 3025 2546 3083 exornata
2590 3028 2666 3084 ut
2707 3020 2791 3085 ab

436 3117 687 3185 artifice
730 3120 940 3202 Apulo
986 3119 1245 3204 depicta
1294 3121 1531 3198 monili,
1581 3120 1867 3200 armillis,
1915 3120 2390 3187 calceamentis.

610 3222 1217 3306 Furtwangler,
1269 3229 1426 3289 cat.
1471 3243 1627 3287 vas.
1675 3222 1863 3288 Mus.
1914 3223 2168 3289 Berol.
2215 3245 2276 3287 n.
2325 3222 2535 3287 4122
2570 3224 2646 3300 d;
2693 3231 2794 3290 est

439 3325 869 3407 fragmentum
916 3326 1243 3410 quoddam
1275 3326 1628 3410 amphorae
1662 3326 1930 3410 Apulae,
1976 3328 2039 3390 in
2072 3346 2201 3408 quo
2247 3325 2570 3408 depictam
2618 3327 2792 3390 vide-

442 3448 584 3493 mus
614 3428 790 3493 lrida
821 3430 1121 3508 caduceo,
1170 3429 1313 3507 alis,
1358 3450 1591 3512 magno
1619 3436 1852 3496 ornatu
1884 3429 2266 3512 praeditam.
2355 3426 2507 3493 Hoc
2537 3450 2795 3513 quoque

438 3532 866 3616 fragmentum
912 3534 1080 3598 vasis
1123 3531 1315 3616 Apuli
1364 3552 1502 3597 esse
1552 3531 1960 3596 manifestum
2006 3537 2124 3596 est.

611 3636 860 3715 Quibus
907 3637 987 3700 de
1030 3635 1223 3699 Iridis
1255 3634 1529 3717 picturis
1576 3634 1829 3699 comitis
1872 3633 2137 3698 deorum
2172 3632 2352 3698 nulla
2395 3639 2614 3717 potest
2655 3654 2797 3699 esse

437 3740 796 3816 dubitatio;
842 3745 1182 3823 praeterea
1211 3736 1558 3802 nonnullae
1586 3736 1767 3801 nobis
1807 3735 2252 3820 respiciendae
2296 3744 2450 3800 sunt
2478 3737 2796 3820 picturae,

446 3845 526 3909 de
571 3842 808 3928 quibus
852 3842 1140 3907 dubitari
1187 3841 1394 3924 possit
1437 3861 1592 3904 num
1636 3858 1859 3905 revera
1904 3838 2024 3902 Iris
2069 3837 2329 3921 depicta
2373 3839 2474 3902 sit.

605 3947 698 4010 Ac
757 3946 1036 4028 primum
1098 3942 1358 4028 quidem
1420 3941 1762 4007 dicendum
1824 3948 1922 4006 est
1982 3940 2063 4004 de
2109 3939 2365 4005 duabus
2409 3941 2685 4023 picturis
2730 3941 2795 4004 in

436 4048 672 4132 quibus
727 4047 1127 4131 propositum
1166 4047 1302 4129 jam
1358 4065 1561 4129 supra
1625 4044 1721 4109 bis
1765 4045 2092 4109 inventum
2129 4044 2361 4127 judicii
2405 4042 2659 4107 Paridis
2703 4044 2798 4105 vi-

435 4151 676 4216 demus.
783 4150 1070 4227 Quarum
1141 4147 1349 4213 altera
1421 4155 1521 4213 est
1588 4148 1654 4210 in
1726 4167 1872 4212 vase
1938 4146 2019 4211 de
2078 4166 2207 4230 quo
2270 4147 2404 4228 egit
2460 4143 2797 4229 Stephani,

440 4254 700 4319 VaseuS.
758 4252 821 4317 d.
879 4252 1056 4319 Kais.
1101 4250 1328 4316 Ermit.
1374 4271 1451 4314 zu
1498 4248 1788 4315 Petersb.
1848 4271 1908 4313 n.
1961 4249 2122 4314 1807
2174 4255 2241 4313 et
2286 4245 2798 4332 Compte-rendu

438 4358 518 4423 de
563 4357 628 4423 la
674 4376 897 4422 comm.
943 4353 1120 4420 arch.
1165 4374 1331 4438 pour
1375 4352 1628 4418 l’annee
1667 4353 1849 4430 1861,
1897 4374 1957 4436 p.
1995 4353 2097 4430 33,
2145 4349 2233 4435 pl.
2280 4350 2342 4414 3.
2374 4351 2430 4414 4.
2519 4348 2799 4431 Insignis

440 4468 540 4525 est
581 4459 745 4524 haec
790 4458 1051 4542 pictura
1080 4456 1495 4522 multitudine
1525 4476 1967 4540 personarum,
2015 4475 2160 4520 cum
2190 4460 2450 4536 praeter
2478 4452 2798 4532 Paridem,

439 4563 831 4639 Mercurium
874 4568 1139 4645 tresque
1183 4561 1338 4626 deas
1382 4559 1749 4625 nominibus
1795 4557 2113 4640 designati
2161 4557 2573 4622 inveniantur
2618 4556 2801 4634 Eros,
