3092 4934
1452 321 1492 384 9

556 506 623 573 ἐν
669 505 740 571 δὲ
786 506 968 587 λέχος
1013 503 1354 592 στόρνυσιν
1404 501 1609 572 ἰαύειν
1653 504 1813 593 Ζηνὶ
1857 503 1969 571 καὶ
1997 501 2174 593 ἽΙρᾳ

551 613 771 693 χεῖρας
817 606 1200 696 φοιβήσασα
1243 607 1467 693 μύροις
1512 606 2082 692 ἐπιτάρροθος
2111 599 2384 693 Ἰριςῑ)

471 715 691 778 Altera
734 714 926 778 Iridis
971 714 1184 796 imago
1230 716 1397 778 inest
1442 715 1505 776 in
1557 714 1838 795 ejusdem
1888 712 2054 776 Gelli
2085 711 2506 794 Pompejanis,
2553 711 2640 794 pl.

299 819 408 892 733
472 825 743 899 egerunt
795 824 1137 900 praeterea
1189 817 1269 880 de
1326 816 1451 880 hac
1495 816 1774 896 imagine
1820 814 2073 896 Helbig,
2122 813 2640 896 Wandgem'alde,

298 941 358 983 n.
393 920 556 983 1390
587 925 652 982 et
681 919 1015 1002 Stephani,
1063 919 1334 984 Nimbus
1362 918 1492 982 und
1525 917 2051 992 Strahlenkranz‚
2093 939 2152 1000 p.
2189 917 2290 993 67,
2337 918 2639 999 Compte-

298 1021 502 1085 reudu
549 1021 736 1096 1859,
783 1044 844 1104 p.
891 1023 989 1086 76.
1061 1022 1239 1098 1861,
1285 1044 1348 1105 p.
1395 1022 1495 1085 22.
1591 1020 1894 1084 Videmus
1947 1019 2081 1083 illic
2127 1019 2301 1083 Irida
2344 1021 2641 1084 comitem

299 1123 615 1201 Thetidis,
681 1144 847 1205 quae
908 1123 1221 1187 Achillem
1288 1122 1626 1207 parvulum
1689 1127 1924 1205 mergit
1991 1124 2056 1186 in
2127 1123 2345 1206 Styga.
2437 1122 2640 1200 Quam

301 1226 469 1290 Gelli
514 1227 1113 1308 interpretationem
1157 1246 1470 1291 summam
1515 1233 1674 1309 puto
1736 1246 1892 1309 prae
1948 1245 2016 1290 se
2078 1226 2243 1289 ferre
2289 1224 2641 1307 probabili-
2696 1217 2699 1220 ⁴

298 1335 501 1393 tatem
548 1350 756 1411 neque
801 1331 1101 1394 assentiri
1147 1350 1408 1412 possum
1455 1332 1546 1394 eis
1591 1350 1759 1411 quae
1807 1329 2038 1411 Helbig
2075 1336 2141 1392 et
2172 1328 2485 1411 Stephani
2531 1329 2569 1391 l.
2601 1329 2642 1393 l.

301 1432 380 1494 de
450 1430 575 1495 hac
637 1433 918 1514 imagine
981 1433 1413 1515 protulerunt,
1481 1452 1756 1515 quorum
1820 1432 1985 1496 alter
2046 1432 2413 1515 Dionysum,
2478 1431 2644 1495 alter

300 1534 550 1597 Adonin
619 1555 658 1598 a
724 1533 1020 1617 nymphis
1089 1541 1382 1599 curatum
1455 1534 1580 1598 hac
1644 1536 1707 1597 in
1777 1535 2038 1617 pictura
2109 1534 2436 1616 depictum
2510 1554 2646 1597 esse

300 1643 540 1722 censet.
623 1635 786 1701 Nam
844 1638 1125 1719 primum
1179 1636 1336 1701 nihil
1395 1638 1568 1700 inest
1622 1638 1763 1719 ipsa
1819 1637 1884 1699 in
1940 1637 2214 1718 pictura,
2277 1636 2448 1717 quod
2495 1656 2641 1718 pro⁴

301 1740 512 1821 prium
559 1737 966 1802 referendum
1015 1741 1101 1803 sit
1143 1739 1226 1802 ad
1276 1740 1628 1823 Dionysum
1677 1746 1793 1803 aut
1824 1739 2105 1814 Adonin3
2153 1738 2384 1802 deinde
2429 1745 2647 1802 autem

302 1862 487 1905 nemo
551 1841 816 1923 negabit
882 1843 1166 1907 fabulam
1233 1844 1313 1906 de
1372 1842 1620 1906 Achille
1676 1844 1741 1905 in
1798 1842 1997 1925 Styga
2067 1861 2273 1904 merso
2335 1841 2646 1904 notiorem

297 1942 496 2007 fuisse
552 1951 748 2026 atque
809 1952 881 2008 ut
937 1945 1035 2008 ita
1092 1945 1304 2010 dicam
1358 1944 1618 2028 publice
1664 1945 1868 2025 magis
1913 1950 2262 2027 receptam,
2322 1964 2517 2025 quam
2564 1944 2646 2007 ob

301 2067 438 2109 rem
483 2047 697 2128 aptior
753 2047 880 2110 fuit
936 2068 1106 2129 quae
1163 2047 1488 2130 pingendo
1550 2047 2006 2111 illustraretur.
2097 2046 2233 2110 Dea
2278 2066 2446 2128 quae
2491 2066 2646 2110 saxo

300 2148 524 2212 innixa
568 2169 645 2214 ea
688 2171 856 2231 quae
901 2156 1216 2232 geruntur
1261 2155 1512 2214 attente
1559 2157 1901 2214 contuetur
1948 2149 2216 2213 eandem
2263 2148 2397 2212 fere
2450 2169 2645 2231 quam

304 2270 506 2333 supra
575 2251 888 2335 descripsi
954 2253 1229 2335 speciem
1294 2251 1599 2335 praebet3
1665 2252 1727 2316 id
1784 2259 2043 2316 tantum
2104 2251 2470 2317 addendum
2529 2262 2649 2330 est,

304 2359 506 2435 caput
550 2355 686 2435 ejus
729 2354 1057 2418 radiatum
1104 2355 1468 2438 depinxisse
1514 2353 1848 2431 artificem,
1895 2376 2091 2437 quam
2136 2376 2269 2419 rem
2317 2376 2461 2420 cum
2508 2375 2649 2419 sae-

304 2456 566 2537 pissime
611 2456 975 2521 inveniatur
1018 2458 1269 2539 insigne
1300 2456 1567 2522 deorum
1598 2463 1800 2539 caput
1825 2457 2153 2521 radiatum
2172 2459 2246 2540 2),
2295 2458 2647 2523 cavendum

306 2564 406 2620 est
449 2579 528 2621 ne
574 2559 927 2624 referamus
984 2562 1068 2625 ad
1127 2559 1331 2624 ullum
1387 2581 1747 2625 connexum
1790 2581 1982 2641 quem
2028 2561 2238 2642 pictor
2281 2561 2451 2625 inter
2495 2561 2645 2625 Irim

304 2666 372 2723 et
415 2680 637 2724 arcum
686 2660 1028 2726 caelestem
1072 2662 1436 2744 significare
1481 2662 1771 2725 voluerit.

478 2762 828 2828 Praeterea
893 2763 1218 2830 afferenda
1285 2771 1384 2829 est
1448 2785 1527 2828 ex
1593 2764 1820 2828 iisdem
1893 2765 2167 2847 picturis
2240 2764 2649 2848 Pompejanis

302 2867 533 2947 image,
597 2886 728 2948 qua
782 2866 1074 2932 Panofka
1129 2868 1190 2930 in
1252 2866 1413 2932 Bull.
1461 2867 1518 2930 d.
1564 2866 1717 2930 Inst.
1769 2867 1951 2943 1847,
2011 2888 2073 2949 p.
2130 2868 2244 2930 131
2305 2867 2481 2932 Irida
2536 2868 2648 2931 de-

301 2969 548 3051 pictam
612 2989 751 3032 esse
820 2969 973 3033 vult.
1063 2971 1261 3051 Virgo
1329 2977 1428 3034 est
1491 2970 1672 3034 alata
1738 2990 1905 3050 quae
1975 2967 2265 3033 frondem
2331 2971 2397 3033 in
2455 2991 2651 3035 manu

303 3078 532 3134 tenens
577 3091 708 3134 una
754 3092 895 3135 cum
944 3072 1089 3136 aliis
1135 3072 1380 3136 deabus
1426 3072 1689 3155 depicta
1719 3079 1834 3136 est.
1924 3071 2129 3149 Quam
2159 3072 2470 3154 virginem
2499 3072 2652 3136 Irim

303 3192 443 3235 esse
488 3172 778 3237 Ponofka
825 3195 902 3237 ea
945 3174 1026 3237 (10
1073 3195 1268 3238 causa
1317 3182 1552 3250 censet,
1600 3175 1773 3257 quod
1819 3174 1942 3239 dea
1988 3175 2333 3258 conjuncta
2376 3177 2463 3239 sit
2507 3175 2651 3240 aliis

303 3274 434 3337 illis
481 3276 844 3340 numinibus
889 3298 1057 3358 quae
1103 3279 1428 3341 maritima
1475 3297 1615 3341 esse
1662 3284 1839 3342 recte
1885 3276 2043 3340 mihi
2089 3298 2329 3360 ponere
2371 3278 2648 3343 videtur.

302 3376 528 3459 Neque
573 3399 720 3442 vero
765 3378 927 3443 haec
971 3380 1230 3461 pictura
1274 3386 1408 3443 tam
1456 3388 1632 3444 certe
1679 3379 1835 3443 lridi
1880 3379 2265 3446 ascribenda
2311 3387 2411 3445 est
2453 3402 2651 3463 quam

446 3552 486 3618 ¹)
526 3551 645 3604 Hac
684 3549 972 3605 Wieseleri
1013 3551 1344 3619 conjectura
1392 3582 1454 3591 -
1496 3551 1718 3605 codices
1757 3551 1896 3604 dant
1933 3553 2108 3605 verba
2147 3551 2229 3604 ἔτι
2264 3549 2546 3623 πάρθενος
2583 3584 2650 3592 -

305 3657 414 3708 qua
451 3645 517 3692 ut
552 3640 659 3692 11οο
696 3639 817 3692 1000
858 3642 1049 3691 uterer
1083 3640 1169 3691 vir
1205 3639 1299 3692 ille
1336 3639 1689 3693 doctissimus
1715 3641 1958 3704 benigne
1983 3640 2119 3693 mihi
2148 3642 2443 3706 concessit,
2484 3642 2650 3711 hujus

304 3729 412 3782 loci
450 3727 631 3780 nodus
671 3727 883 3796 optime
921 3727 1181 3794 expediri
1229 3727 1364 3780 mihi
1402 3728 1644 3781 videtur.
1721 3728 2024 3781 Praeterea
2063 3729 2276 3782 mederi
2316 3729 2652 3784 studuerunt

300 3817 433 3869 11010
460 3814 784 3869 difficultati
810 3814 1029 3867 duobus
1054 3815 1235 3868 modis
1263 3815 1368 3867 viri
1396 3815 1571 3868 docti:
1613 3815 1871 3868 Meineke
1899 3819 1956 3868 et
1983 3815 2235 3869 Roscher
2258 3816 2351 3886 (cf.
2378 3816 2650 3885 Fleckeis,

298 3903 501 3957 Jahrb.
547 3903 643 3956 Bd.
676 3906 793 3970 111,
845 3905 990 3967 ¹875,
1030 3920 1085 3971 p.
1112 3905 1217 3956 605
1244 3905 1334 3971 ss.)
1374 3904 1631 3957 scribunt
1667 3900 2025 3972 εὐπάρθενος,
2066 3921 2231 3972 quam
2280 3907 2650 3960 mutationem

296 3992 554 4061 quamvis
593 3991 768 4044 levem
809 3992 1053 4060 probare
1089 4009 1201 4044 non
1241 4008 1486 4060 possum,
1525 3992 1676 4060 quod
1697 3993 2056 4046 Theocritum
2082 3998 2145 4047 ut
2170 3993 2394 4048 doctum
2424 3999 2651 4063 poetam

296 4079 743 4134 Alexandrinum
803 4079 1028 4132 fabulae
1085 4079 1155 4132 de
1215 4079 1364 4132 Iride
1420 4085 1599 4148 nupta
1653 4080 1806 4133 haud
1867 4079 2040 4134 fuisse
2094 4082 2354 4150 ignarum
2417 4100 2650 4153 cense03

293 4169 451 4225 Max.
507 4167 702 4236 Mayer
754 4167 982 4237 (Rosch.
1036 4168 1142 4221 lex,
1191 4186 1242 4236 p.
1282 4170 1406 4237 323)
1470 4169 1645 4222 verba
1697 4171 1822 4236 ipsa
1880 4170 1962 4222 ἔτι
2015 4166 2295 4239 πάρθενος
2348 4172 2653 4239 explanare

294 4261 558 4323 conatur,
610 4273 736 4309 cum
791 4260 1016 4325 poetam
1066 4255 1150 4308 his
1189 4256 1375 4310 verbis
1414 4257 1609 4310 Alcaei
1646 4257 1785 4310 illud
1823 4274 2024 4326 poema
2060 4256 2377 4326 significare
2413 4261 2652 4315 voluisse

292 4345 459 4412 dicit,
518 4345 607 4397 cui
664 4362 776 4399 uon
835 4344 1110 4397 assentiar
1165 4347 1479 4399 sententiae
1518 4346 1669 4413 quod
1707 4348 1879 4400 verba
1916 4346 1998 4398 ἔτι
2033 4342 2312 4417 noio-‘nvos
2349 4347 2421 4401 ad
2458 4349 2653 4404 Alcaei

290 4450 529 4489 carmen
568 4434 748 4486 relata
784 4433 1111 4487 obscuriora
1148 4437 1280 4486 sunt
1317 4450 1481 4502 quam
1521 4450 1667 4501 quae
1705 4434 2126 4504 intellegantur.
2339 4436 2382 4504 2)
2421 4436 2489 4489 cf.
2532 4438 2652 4492 Ste-

287 4520 494 4592 phani,
532 4520 769 4574 Nimbus
808 4537 862 4587 p.
901 4522 987 4573 93.
