3092 4934
1432 280 1518 344 29

301 472 594 552 aurigam
614 471 702 551 1),
763 488 895 551 qua
949 487 1028 531 ex
1085 487 1158 531 re
1214 466 1468 532 efficere
1526 487 1716 550 posse
1762 466 1915 530 mihi
1962 467 2200 543 videor,
2260 468 2327 531 in
2374 469 2647 552 metopis

169 590 175 596 ·
295 573 578 656 ejusdem
659 569 936 636 aedificii
1018 570 1241 635 eodem
1327 570 1514 635 modo
1584 569 1937 633 Minervam
2018 577 2085 633 et
2150 570 2498 635 Victoriam
2565 572 2648 636 ab

295 673 541 739 artifice
586 672 837 738 effictas
901 693 1040 737 esse
1102 675 1490 756 conjunctae.
1577 668 1729 736 Hoc.
1773 672 1971 753 igitur
2016 673 2215 736 vincit
2258 672 2522 738 Roberti
2568 673 2650 737 de

296 784 556 860 metopa
588 775 705 840 VII
737 777 1142 843 sententiam.
1231 776 1479 840 Deinde
1513 781 1731 839 autem
1763 774 1830 838 id
1873 795 2132 857 quoque
2176 775 2652 858 respiciendum

297 888 416 957 est,
475 879 634 943 deae
678 878 1005 942 Minervae
1060 877 1585 944 bellicosissimae
1630 897 1753 941 non
1816 897 1955 941 esse
2014 878 2078 940 in
2121 898 2343 960 pugna
2388 880 2652 960 aurigae

296 1003 528 1048 munus
585 981 796 1058 obire,
857 981 1028 1062 quod
1092 980 1425 1046 Michaelis
1478 980 1560 1045 de
1614 987 1762 1045 met.
1826 979 1939 1044 VII
1997 980 2355 1063 proposuit.
2444 979 2652 1045 Multo

298 1086 431 1169 illa·
457 1084 683 1149 melior
739 1090 806 1148 et
858 1083 1124 1148 Roberti
1170 1091 1239 1149 et
1280 1083 1613 1148 Peterseni
1658 1083 1979 1148 sententia
2025 1089 2126 1147 est
2168 1102 2440 1165 quorum
2488 1084 2655 1148 alter

297 1191 362 1253 in
429 1194 581 1251 met.
638 1184 820 1265 VIII,
890 1186 1057 1251 alter
1127 1188 1193 1250 in
1269 1193 1423 1250 met.
1478 1185 1563 1250 IV
1633 1185 1985 1250 Minervam
2052 1191 2445 1269 pugnantem
2515 1205 2652 1250 esse

298 1291 537 1355 factam
584 1295 818 1354 censet.
908 1288 1235 1354 Habemus
1293 1289 1494 1371 igitur
1557 1295 1675 1354 aut
1717 1290 1783 1352 in
1830 1295 1978 1353 met.
2029 1287 2146 1352 VII
2191 1287 2494 1372 (Robert)
2540 1295 2656 1353 aut

298 1395 363 1457 in
421 1399 571 1456 met.
636 1391 686 1453 V
744 1389 1109 1473 (Petersen)
1174 1411 1430 1455 currum
1491 1390 1817 1456 Minervae
1889 1412 2079 1472 quem
2143 1391 2300 1473 quin
2368 1391 2655 1456 Victoria

300 1502 489 1578 regat
539 1515 684 1559 mea
737 1492 995 1575 quidem
1055 1496 1374 1559 sententia
1417 1494 1685 1558 dubium
1745 1513 1883 1558 esse
1941 1514 2070 1559 nou
2121 1501 2354 1577 potest.
2443 1493 2658 1572 Quae-

300 1602 467 1662 ritur
533 1617 703 1661 nunc
767 1595 925 1677 quid
985 1596 1064 1660 de
1136 1596 1345 1662 altera
1409 1603 1667 1680 metopa
1726 1595 2150 1677 judicandum
2218 1598 2334 1673 sit,
2395 1598 2457 1660 iu
2521 1618 2654 1678 qua

304 1706 421 1765 aut
517 1698 695 1764 Jovis
801 1698 1169 1782 (Petersen,
1285 1697 1560 1781 Robert)
1661 1706 1778 1764 aut
1882 1698 2165 1783 Neptuni
2265 1699 2655 1783 (Michaelis)

306 1823 566 1867 currum
628 1799 913 1866 effictum
975 1821 1115 1866 esse
1191 1801 1555 1885 ponendum
1616 1803 1719 1866 sit.
1835 1801 2020 1880 Quod
2078 1809 2156 1867 ut
2216 1800 2302 1866 ad
2361 1800 2661 1867 effectum

311 1904 777 1989 producamus,
838 1924 1063 1968 rursus
1130 1903 1215 1969 ad
1273 1904 1404 1969 alia
1461 1903 1906 1987 confugiamus
1963 1904 2392 1970 Parthenonis
2436 1925 2662 1970 monu-

303 2013 559 2073 menta:
629 2006 702 2070 Iu
764 2006 986 2072 eodem
1045 2028 1175 2089 quo
1234 2027 1435 2090 supra
1482 2007 1617 2089 jam
1676 2008 1777 2072 usi
1837 2027 2057 2072 sumus
2111 2006 2337 2090 templi
2398 2007 2660 2089 fastigio

304 2116 567 2193 praeter
633 2108 958 2175 Minervae
1017 2131 1280 2175 currum
1348 2109 1538 2174 alter,
1573 2111 1898 2175 iuvenitur
1963 2109 2278 2195 Neptuni,
2342 2109 2423 2175 de
2480 2111 2661 2192 cujus

305 2213 536 2296 auriga
582 2211 762 2277 nulla
804 2219 905 2277 est
947 2212 1290 2290 dubitatiO,
1337 2233 1480 2277 cum
1510 2233 1731 2278 omnes
1764 2214 2200 2298 Amphitriten
2233 2212 2358 2278 hoc
2397 2233 2660 2278 munere

308 2315 681 2397 fungentem
738 2313 977 2380 factam
1034 2335 1173 2381 esse
1230 2322 1409 2380 recte
1468 2315 1625 2379 mihi
1688 2337 1925 2401 ponere
1980 2317 2345 2381 videantur.
2433 2316 2662 2399 Itaque

310 2419 413 2483 his
456 2438 712 2500 quoque
755 2418 822 2481 in
866 2420 1144 2503 metopis
1175 2417 1627 2502 Amphitriten
1670 2421 1963 2503 aurigam
2011 2440 2149 2484 esse
2188 2417 2471 2502 Neptuni
2518 2440 2663 2485 cen-

310 2520 579 2586 sendum
624 2521 742 2597 sit,
805 2521 976 2602 quod
1036 2542 1268 2586 munus
1326 2543 1466 2586 eam
1514 2522 1580 2586 in
1625 2530 1777 2587 met.
1823 2522 1973 2587 XIV
2019 2522 2197 2588 obire
2245 2521 2489 2588 Robert
2532 2523 2574 2588 1.
2620 2524 2661 2590 1.

313 2624 800 2688 demonstravit.
888 2622 1217 2689 Habemus
1276 2624 1478 2706 igitur
1520 2624 1587 2687 in
1635 2632 2040 2708 metoparum
2087 2624 2139 2688 V
2187 2633 2254 2690 et
2298 2625 2414 2691 VII
2458 2626 2667 2693 altera

314 2747 576 2790 currum
619 2725 796 2790 Jovis
841 2727 1023 2809 cujus
1067 2727 1298 2810 auriga
1340 2725 1520 2790 nulla
1565 2728 1780 2810 aptior
1823 2727 2192 2793 inveniatur
2234 2728 2425 2808 Iride,
2471 2751 2667 2811 quam

312 2827 620 2892 Petersen
668 2849 927 2909 quoque
972 2828 1096 2894 hoc
1142 2851 1406 2895 munere
1449 2830 1824 2912 fungentem
1865 2829 2039 2894 facit.
2130 2831 2423 2915 Denique
2468 2855 2667 2916 quae-

311 2951 531 2994 ramus
554 2979 569 3007 ,
641 2931 743 2994 cui
813 2937 1112 3013 metopae
1184 2955 1380 2997 unum
1453 2955 1777 3016 quemque
1843 2954 2151 2998 curruum
2215 2936 2668 3001 attribuamus.

312 3032 485 3097 Fieri
533 3054 658 3097 non
705 3039 925 3115 potest
976 3034 1131 3116 quin
1181 3034 1263 3098 de
1306 3034 1429 3099 hac
1473 3057 1545 3100 re
1590 3037 1969 3102 dissentiam
2013 3058 2054 3102 a
2097 3026 2464 3104 Petersenio
2507 3060 2670 3121 quo-

315 3157 459 3199 cum
492 3155 776 3217 congruo
807 3136 982 3219 quod
1012 3136 1096 3202 ad
1145 3158 1450 3201 curruum
1483 3139 1744 3221 aurigas
1788 3141 2052 3217 attinet3
2098 3140 2456 3206 Robertum
2501 3143 2667 3207 enim

314 3258 590 3321 sequens
635 3239 747 3321 qui
803 3259 946 3302 mea
1002 3241 1264 3323 quidem
1322 3242 1645 3305 sententia
1697 3242 2021 3324 probabili
2065 3244 2317 3310 ratione
2373 3246 2454 3310 de
2512 3246 2669 3311 Jove

316 3342 380 3404 in
433 3348 586 3406 met.
644 3340 732 3405 VI
791 3340 1006 3407 efficto
1077 3342 1419 3418 disseruit,
1479 3350 1555 3407 ut
1633 3350 1881 3409 certum
1950 3344 2237 3411 ordinem
2299 3369 2543 3413 servem
2602 3350 2667 3412 in

317 3443 556 3509 essedis
600 3443 1067 3509 distribuendis
1110 3444 1234 3509 hoc
1279 3445 1469 3509 modo
1515 3445 1856 3528 disponam
1904 3455 2195 3532 metopas
2243 3450 2571 3516 V—VIII:

486 3552 637 3610 met.
687 3545 738 3609 V
783 3545 961 3610 Jovis
1007 3568 1237 3612 currus
1282 3568 1428 3612 cum
1478 3549 1653 3614 Iride
1700 3551 1927 3633 auriga
1940 3575 1955 3627 3

488 3654 636 3712 met.
685 3647 771 3711 VI
814 3647 1119 3731 ‚Iuppiter
1162 3672 1492 3734 pugnans3

478 3743 639 3815 niet.
686 3749 804 3816 VII
850 3750 1177 3817 Minervae
1224 3776 1455 3820 currus
1500 3776 1645 3820 cum
1691 3755 2023 3834 Victoria3

492 3860 643 3918 met.
689 3850 842 3918 VIII
886 3853 1180 3920 Minerva
1223 3879 1539 3939 pugnans.

486 3955 665 4020 Haec
706 3964 860 4021 sunt
904 3978 1072 4038 quae
1114 3960 1481 4042 probabilia
1525 3960 1799 4026 habeam
1848 3963 1928 4028 de
1974 3963 2102 4029 illis
2147 3965 2335 4029 Iridis
2378 3966 2670 4049 imagini-

316 4060 473 4135 bus;
531 4079 699 4152 quae
742 4080 938 4141 quam
995 4061 1247 4127 incerta
1290 4064 1421 4129 sint
1463 4064 1545 4128 ob
1592 4071 1795 4129 totam
1842 4066 2036 4149 hujus
2081 4069 2176 4132 rei
2222 4081 2545 4149 naturam,
2594 4093 2672 4134 ex

316 4184 387 4226 re
432 4162 580 4245 ipsa
626 4159 856 4226 elucet.

488 4262 840 4327 Praeterea
868 4263 1282 4331 inveniuntur
1325 4263 1515 4333 Iridis
1560 4266 1877 4353 imagines
1923 4279 2193 4356 ectypae
2236 4271 2302 4337 in
2348 4271 2673 4337 nonnullis

316 4365 762 4450 sarcophagis.
860 4366 1143 4432 Primum
1204 4377 1418 4435 exstat
1477 4378 1751 4456 ectypon
1812 4373 2065 4439 duobus
2120 4376 2185 4438 in
2251 4374 2672 4456 sarcophagis

493 4507 534 4574 1)
574 4506 646 4558 cf.
683 4505 968 4569 Petersen,
1008 4504 1193 4559 Kunst
1229 4507 1327 4562 des
1366 4510 1631 4565 Pheidias
1667 4527 1723 4580 p.
1765 4512 1884 4567 168.
