3092 4934
386 459 905 553 11244e

396 584 567 664 ΝΟΨ
598 597 659 667 2.
691 594 739 669 Ο
776 594 953 675 1907

369 801 677 894 ’ῩΒἻἿ

396 1424 799 1507 Quamquam
869 1425 952 1490 de
1026 1424 1215 1490 Iridis
1284 1426 1446 1491 deae
1527 1426 1805 1509 picturis
1879 1445 2033 1490 vasa
2107 1425 2573 1494 exornantibus

225 1526 304 1592 H.
361 1526 709 1611 Bergstedt
760 1528 1027 1610 scripsit
1048 1531 1095 1609 ¹)
1151 1535 1350 1612 atque
1414 1529 1674 1594 Maxim.
1734 1527 1959 1612 Mayer
2020 1529 2103 1593 de
2159 1527 2351 1611 hujus
2410 1529 2574 1595 deae

224 1638 478 1707 natura,
526 1632 797 1709 nomine,
843 1632 1271 1697 monumentis
1314 1632 1625 1697 disseruit
1644 1636 1711 1714 θ),
1757 1638 1974 1696 tamen
2023 1651 2258 1715 operae
2288 1632 2573 1715 pretium

226 1734 314 1799 sit
356 1734 798 1817 quaestionem
845 1753 1152 1800 renovare
1197 1756 1341 1802 cum
1399 1741 1638 1800 natura
1689 1733 1882 1798 Iridis
1933 1735 2302 1800 accuratius
2353 1735 2576 1818 perlu-

224 1844 437 1901 strata
492 1845 560 1901 et
614 1837 972 1902 constituta
1033 1837 1206 1920 quod
1268 1839 1510 1929 attinet
1570 1837 1657 1902 ad
1711 1837 1906 1919 hujus
1949 1836 2111 1902 deae
2156 1845 2572 1903 monumenta

224 1940 306 2004 de
369 1940 607 2023 quibus
669 1939 846 2004 haud
906 1960 1055 2005 raro
1121 1939 1261 2004 fieri
1325 1961 1453 2004 non
1521 1959 1712 2023 posse
1770 1948 1846 2005 ut
1907 1947 2088 2006 certa
2153 1942 2567 2006 inveniantur

226 2049 499 2125 uterque
543 2043 641 2105 vir
683 2041 916 2107 doctus
957 2041 1046 2106 1.l.
1091 2042 1460 2121 confitetur,
1512 2042 1765 2125 aliquid
1821 2042 2134 2127 proficere
2178 2063 2368 2126 posse
2415 2043 2572 2108 mihi

227 2145 464 2209 videar.

397 2248 847 2326 Quaestionem
892 2254 1110 2313 autem
1142 2248 1375 2315 ducam
1405 2269 1446 2313 a
1476 2248 1662 2314 libris
1691 2256 2052 2331 poetarum.
2139 2247 2363 2332 Neque
2407 2249 2572 2313 enim

227 2350 514 2415 dubitari
573 2356 791 2433 potest
847 2352 1001 2433 quin
1048 2358 1281 2435 poetae
1326 2352 1761 2435 antiquissimi
1807 2352 2213 2434 maximeque
2259 2351 2573 2416 Homerus

226 2453 622 2519 Graecorum
668 2453 976 2519 finxerint
1017 2454 1191 2531 deos,
1251 2440 1346 2521 ita
1399 2463 1474 2519 ut
1515 2455 1714 2519 etiam
1757 2453 2249 2519 simulacrorum
2291 2454 2574 2520 artifices

227 2556 329 2620 via
372 2556 457 2621 ab
500 2554 628 2621 illis
671 2557 1116 2622 demonstrata
1161 2556 1331 2623 haud
1378 2556 1570 2623 facile
1623 2555 1968 2621 deflectere
2021 2563 2305 2639 possent,
2366 2579 2576 2640 neque

224 2658 447 2741 negari
492 2663 728 2740 potest,
777 2678 1030 2743 semper
1072 2657 1270 2724 fuisse
1325 2679 1648 2724 connexos
1700 2658 2176 2741 quodammodo
2229 2659 2405 2742 apud
2467 2682 2576 2725 ve-

225 2768 398 2825 teres
451 2760 788 2825 verborum
843 2760 1126 2827 artifices
1177 2762 1274 2827 vel
1331 2769 1560 2845 poetas
1619 2769 1686 2826 et
1743 2760 2105 2845 sculptores
2147 2762 2576 2846 pictoresque.

225 2863 439 2946 Atque
473 2864 656 2946 jure:
698 2885 850 2929 nam
894 2864 1174 2948 primum
1218 2865 1482 2948 utrique
1514 2885 1850 2937 commune
1880 2872 1980 2929 est
2009 2864 2415 2948 propositum
2445 2867 2572 2930 arti

223 2966 567 3049 pulchrum
612 2965 678 3029 id
723 2967 955 3050 ipsum,
1019 2967 1250 3032 deinde
1307 2974 1524 3032 autem
1582 2989 1661 3031 ex
1704 2988 1776 3031 re
1819 2967 1965 3050 ipsa
2008 2965 2238 3045 elucet,
2295 2975 2575 3050 quanto-

224 3091 381 3152 pere
428 3089 596 3159 unus
640 3069 917 3152 quisque
961 3069 1200 3136 artifex
1253 3071 1364 3154 qui
1425 3090 1700 3154 corpora
1742 3069 2043 3153 fingendo
2086 3076 2203 3137 aut
2245 3071 2571 3154 pingendo

223 3173 467 3237 imitari
495 3171 733 3249 studet,
780 3172 1069 3255 indigeat
1095 3173 1434 3240 verborum
1464 3173 1834 3255 ubicunque
1861 3192 2174 3256 personas
2206 3172 2420 3238 facere
2450 3174 2577 3240 sibi

225 3276 584 3360 proposuit,
639 3296 810 3358 quae
854 3277 1136 3358 speciem
1179 3297 1338 3361 prae
1381 3297 1450 3342 se
1494 3276 1715 3341 ferunt
1756 3275 2098 3360 permultis
2142 3276 2431 3360 ignotam
2474 3276 2575 3341 vel

223 3400 352 3443 non
399 3376 591 3443 facile
634 3376 1140 3459 intelligendam.
1229 3378 1367 3443 Non
1415 3380 1693 3445 attinere
1739 3378 1896 3443 mihi
1940 3378 2197 3443 videtur
2241 3378 2323 3444 ad
2372 3401 2576 3462 quae-

223 3482 502 3546 stionem
546 3488 831 3545 nostram
879 3482 1253 3547 accuratius
1298 3482 1378 3547 de
1422 3482 1550 3547 hac
1593 3503 1663 3546 re
1709 3501 1929 3564 agere:
1973 3482 2135 3546 satis
2178 3482 2267 3547 sit
2300 3483 2575 3567 exempli

223 3584 367 3650 loco
413 3581 644 3648 afferre
687 3581 957 3648 Phidiae
999 3584 1220 3649 Jovem
1269 3584 1695 3669 Olympicum,
1756 3603 1887 3667 quo
1942 3591 2163 3650 notam
2222 3584 2396 3650 illam
2442 3586 2576 3651 Ho-

224 3687 387 3751 meri
432 3685 927 3768 descriptionem
971 3687 1012 3752 J
1015 3688 1150 3753 ovis
1208 3687 1480 3752 reddere
1541 3687 1815 3765 studuit,
1873 3686 2150 3751 Theonis
2194 3688 2393 3753 Samii
2436 3690 2575 3771 pic-

223 3798 412 3854 turas
467 3789 706 3871 quibus
759 3789 1067 3855 continua
1121 3792 1287 3856 serie
1339 3798 1679 3873 poetarum
1740 3788 1994 3854 fabulas
2050 3788 2381 3855 illustrare
2432 3811 2577 3856 sus-

225 3893 423 3975 cepit,
469 3892 652 3972 cujus
698 3891 901 3956 studii
947 3893 1152 3976 magis
1196 3887 1530 3976 magisque
1575 3892 1892 3974 divulgati
1936 3900 2195 3975 tempus
2226 3894 2412 3959 nobis
2439 3914 2577 3959 ser-

223 3996 403 4060 vavit
473 3994 803 4078 exemplar
877 3996 1057 4060 haud
1131 3997 1567 4079 spernendum
1623 3995 1886 4061 tabulas
1940 3995 2172 4061 Iliacas
2189 4046 2204 4074 ,
2280 4017 2577 4062 vasorum

223 4099 541 4181 picturas,
585 4096 717 4162 alia
761 4096 968 4163 multa
1011 4106 1077 4163 et
1120 4100 1442 4182 pictorum
1487 4107 1555 4164 et
1599 4097 1999 4182 sculptorum
2046 4119 2266 4182 opera.

401 4198 647 4277 Quibus
692 4220 774 4263 ex
817 4200 1011 4265 dictis
1052 4201 1121 4265 id
1176 4209 1429 4267 tantum
1490 4201 1786 4278 efficiam,
1849 4209 1926 4265 ut
1980 4202 2243 4265 minime
2297 4200 2577 4266 alienum

226 4322 367 4366 esse
411 4301 712 4365 videatur
754 4304 818 4367 in
865 4303 1112 4386 agendo
1161 4306 1240 4369 de
1293 4325 1571 4388 persona
1623 4303 1906 4387 quadam
1966 4324 2008 4367 a
2067 4311 2357 4368 veterum
2414 4305 2577 4368 arti-

369 4478 387 4507 ¹
429 4475 628 4529 Studia
664 4474 1090 4544 archaeologica
1127 4491 1266 4529 com.
1306 4476 1463 4529 acad.
1502 4473 1749 4542 Upsalae
1791 4474 1942 4527 1881.
2111 4473 2152 4542 ⁸)
2191 4472 2262 4527 cf.
2301 4473 2576 4529 Roscheri

225 4563 336 4615 lex.
374 4563 606 4631 mythol.
645 4562 748 4616 sub
787 4562 876 4616 tit.
914 4563 1035 4616 Iris.

2047 4663 2117 4716 1*
