3092 4934
1404 365 1483 428 21

441 547 1229 630 Miiller-Wieseler,
1292 551 1364 615 D.
1409 573 1469 617 a.
1512 551 1589 615 K.
1651 548 1731 629 ΙΙ,
1796 552 1920 630 69,
1983 574 2043 616 n.
2093 553 2239 617 863
2270 555 2354 637 ¹);
2411 554 2625 617 resin

271 671 421 715 orco
476 652 756 732 geritur,
838 674 980 717 cum
1048 653 1335 718 Ixionem
1407 654 1736 719 videamus
1794 662 1976 720 rotae
2032 653 2370 738 flagrantis
2423 656 2627 720 radiis

270 754 666 831 districtum,
726 776 921 837 quam
968 756 1195 840 Erinys
1245 757 1568 841 quaedam
1615 758 1677 820 in
1726 778 1801 822 eo
1848 764 1949 823 est
1991 764 2067 822 ut
2110 764 2338 822 verset.
2426 758 2497 821 In
2542 757 2630 821 si-

271 857 479 921 nistra
531 858 828 939 picturae
885 866 1075 941 parte
1141 859 1328 926 Pluto
1379 861 1445 923 in
1507 859 1669 925 solio
1731 860 2084 926 collocatus
2128 865 2257 936 est,
2312 881 2353 924 a
2396 860 2630 924 dextra

271 966 460 1042 parte
519 959 705 1025 adest
768 960 888 1026 Iris
944 960 1120 1026 alata
1182 968 1248 1026 et
1306 963 1593 1029 caduceo
1653 964 1977 1028 instructa
2037 969 2114 1028 ut
2174 962 2416 1040 videat,
2477 985 2626 1027 num

274 1061 630 1139 Vulcanus,
692 1062 804 1147 qui
863 1084 1008 1128 cum
1074 1063 1374 1130 malleum
1439 1086 1635 1130 manu
1716 1073 1940 1132 teneat
2003 1066 2285 1131 Ixionem
2355 1065 2628 1131 vinxisse

275 1166 630 1230 censendus
662 1171 777 1244 est,
826 1166 988 1230 bene
1021 1168 1476 1233 constrinxerit
1508 1168 1822 1233 nefarium
1853 1170 1917 1232 in
1948 1168 2266 1234 Junonem
2294 1167 2629 1233 hominem.

444 1285 838 1363 Gerhard,
887 1288 1061 1351 Ant.
1105 1287 1368 1353 Bildw.
1423 1289 1596 1367 117,
1644 1291 1705 1353 2.
1752 1288 1827 1364 33
1873 1289 2159 1354 Theseus
2187 1290 2487 1373 depictus
2530 1294 2631 1353 est
2718 1348 2724 1353 .

277 1389 710 1454 Minotaurum
739 1390 1147 1472 perdomans.
1234 1390 1356 1456 Iris
1399 1413 1440 1457 a
1485 1392 1714 1457 dextra
1764 1398 1954 1475 parte
1987 1392 2469 1477 appropinquat
2513 1391 2632 1457 alis

281 1499 348 1556 et
391 1493 676 1558 caduceo
734 1492 1124 1575 significata,
1186 1515 1378 1559 manu
1424 1493 1647 1559 florem
1693 1500 1892 1560 tenet.
1982 1495 2207 1579 Neque
2254 1516 2402 1560 vero
2447 1495 2633 1559 omit-

273 1595 540 1660 tendum
583 1601 699 1670 est,
762 1596 1085 1679 picturam
1130 1603 1401 1681 propter
1448 1597 1614 1662 mira
1660 1597 2050 1665 lineamenta
2094 1618 2395 1680 magnam
2442 1596 2632 1662 dubi-

274 1699 586 1762 tationem
648 1720 931 1775 movere,
997 1721 1151 1764 num
1207 1721 1433 1765 revera
1487 1700 1573 1765 sit
1618 1702 1872 1784 antiqui
1915 1698 2182 1767 artificis
2228 1701 2628 1784 opusculum.

450 1818 793 1885 Praeterea
839 1820 965 1885 duo
998 1820 1122 1884 alia
1166 1820 1359 1903 hujus
1404 1823 1655 1904 generis
1698 1842 1855 1887 vasa
1897 1821 2303 1906 respicienda
2346 1827 2517 1897 sunt,
2564 1821 2632 1883 in

274 1922 510 2006 quibus
555 1943 946 2006 quamquam
994 1924 1102 1989 alii
1146 1924 1334 1989 Iridis
1377 1925 1722 2008 imaginem
1757 1925 2036 1990 effictam
2082 1945 2220 1990 esse
2252 1929 2627 2008 posuerunt,

274 2032 491 2088 tamen
557 2024 751 2091 aliam
810 2026 997 2090 deam
1060 2026 1244 2092 nobis
1305 2034 1457 2092 ante
1515 2028 1734 2092 oculos
1789 2030 1940 2111 poni
2007 2027 2483 2093 decernendum
2528 2027 2630 2091 sit.

276 2128 563 2206 Quorum
626 2130 804 2213 prius
865 2138 1282 2195 conservatur
1338 2130 1679 2214 Tergestes
1734 2132 1797 2196 in
1873 2131 2247 2197 collectione
2309 2130 2635 2206 Fontana3

277 2232 522 2296 editum
566 2239 664 2297 est
709 2253 748 2296 a
792 2232 1128 2298 Gerhardo
1161 2234 1234 2297 A.
1273 2233 1344 2297 V.
1378 2233 1464 2312 11,
1510 2234 1862 2299 146-147.
1957 2234 2296 2318 Depictum
2346 2232 2634 2296 videmus

275 2335 341 2397 in
390 2334 599 2399 altera
643 2336 812 2400 vasis
856 2341 1047 2417 parte
1094 2335 1432 2400 Herculem
1478 2358 1519 2401 a
1568 2337 1855 2401 Minerva
1899 2338 1967 2400 in
2013 2335 2356 2420 Olympum
2402 2334 2636 2399 induc-

281 2445 441 2514 tum,
486 2438 551 2500 in
597 2435 804 2502 altera
846 2436 1014 2503 hanc
1045 2461 1178 2504 rem
1211 2439 1463 2504 duobus
1510 2462 1552 2505 a
1597 2440 1734 2505 deis
1777 2439 2195 2521 divulgatam.
2284 2439 2338 2502 A
2369 2438 2635 2503 sinistra

283 2540 450 2603 enim
497 2539 688 2621 hujus
730 2542 1023 2623 picturae
1056 2549 1244 2625 parte
1278 2542 1641 2608 Mercurius
1670 2542 1954 2608 caduceo
1985 2542 2344 2607 instructus
2375 2540 2631 2605 Baccho

282 2642 443 2724 quid
487 2642 799 2707 acciderit
843 2645 1120 2721 nuntiat,
1169 2665 1207 2708 a
1249 2644 1483 2709 dextra
1525 2651 1716 2728 parte
1761 2648 1883 2711 dea
1928 2652 2101 2710 veste
2146 2643 2339 2709 talari
2384 2643 2634 2720 induta,

283 2745 397 2808 sed
458 2744 651 2808 nullo·
699 2745 1005 2810 denotata
1058 2748 1293 2829 insigni
1355 2748 1436 2812 ad
1500 2748 1775 2814 Nereum
1838 2750 2325 2832 appropinquat
2367 2747 2433 2808 in
2479 2745 2636 2810 solio

285 2845 691 2912 collocatum.
797 2849 1004 2926 Quam
1063 2850 1250 2915 deam
1317 2851 1613 2916 Gerhard
1670 2851 1713 2915 l.
1759 2851 1802 2915 l.
1872 2858 1945 2914 nt
2007 2850 2274 2914 deorum
2345 2849 2637 2913 nuntiam

283 2949 1012 3015 accommodatissimam
1058 2953 1141 3016 ad
1173 2953 1562 3021 Mercurium
1608 2955 1761 3019 Irim
1808 2952 2177 3037 appellavit.
2264 2950 2389 3014 Sed
2432 2950 2640 3033 respi-

286 3053 587 3117 ciendum
634 3060 760 3130 est,
823 3052 991 3118 hanc
1036 3054 1224 3118 deam
1269 3055 1565 3120 omnibus
1610 3055 1754 3121 aliis
1802 3057 1921 3120 hoc
1966 3057 2030 3119 in
2080 3073 2230 3118 vase
2277 3053 2416 3117 deis
2460 3060 2640 3117 certa

285 3163 443 3219 nota
488 3154 841 3236 designatis
896 3177 1090 3221 unam
1151 3156 1326 3222 nullo
1373 3158 1610 3239 insigni
1654 3179 1793 3223 esse
1837 3156 2269 3239 significatam
2316 3176 2524 3239 neque
2572 3154 2638 3218 id

285 3257 462 3340 quod
521 3278 654 3320 una
722 3277 860 3321 cum
919 3256 1275 3335 Mercurio,
1340 3279 1618 3342 quocum
1680 3260 1937 3343 saepius
1994 3259 2171 3323 Irida
2233 3259 2638 3341 conjunctam

284 3360 556 3424 inveniri
604 3359 774 3423 infra
818 3359 1202 3436 videbimuS,
1263 3359 1385 3425 hoc
1429 3360 1571 3425 loco
1619 3362 1955 3425 nuntiandi
2001 3382 2263 3427 munere
2311 3359 2640 3442 fungatur,

288 3464 451 3527 tanti
495 3462 801 3545 ponderis
833 3483 968 3528 esse
1007 3483 1213 3546 posse,
1261 3469 1336 3528 ut
1380 3461 1506 3527 hac
1550 3464 1613 3526 in
1646 3464 1906 3546 pictura
1939 3463 2113 3528 Irida
2147 3460 2642 3527 dissimillimam

289 3565 530 3631 formae
574 3565 702 3639 illi,
763 3585 955 3647 qnam
1014 3585 1213 3649 supra
1257 3565 1565 3629 usitatam
1611 3567 2081 3641 constituimus,
2130 3566 2455 3648 depictam
2505 3584 2643 3630 esse

291 3689 620 3753 ponamus.
709 3668 975 3749 Itaque,
1025 3669 1196 3733 sicut
1239 3667 1766 3750 Trendelenburg
1811 3668 1851 3732 l.
1899 3667 1938 3731 l.
1986 3668 2205 3751 (Arch.
2253 3666 2397 3749 Ztg.
2451 3667 2642 3750 1880)

291 3771 658 3854 proposuit,
720 3769 888 3833 hanc
945 3771 1133 3834 deam
1194 3770 1473 3834 Nereida
1529 3771 1846 3853 pictorem
1891 3769 2156 3854 pingere
2201 3769 2477 3834 voluisse
2534 3789 2643 3834 su-

294 3893 562 3937 mamus.
882 3938 885 3941 .

465 3974 688 4039 Altera
724 3976 991 4057 ‚pictura
1035 3975 1226 4058 hujus
1257 3975 1511 4055 generis
1541 3974 1605 4036 in
1652 3994 1799 4038 vase
1845 3981 1961 4053 est,
2007 3975 2181 4057 quod
2228 3981 2646 4040 conservatur

294 4081 356 4142 in
428 4077 584 4142 Mus.
654 4077 812 4159 Reg.
876 4076 1173 4161 Neapol.:
1244 4076 1575 4160 descripta
1638 4083 1737 4141 est
1799 4078 1974 4161 apud
2040 4076 2315 4142 Miiller-
2341 4076 2648 4142 Wieseler

298 4182 371 4245 D.
434 4201 489 4244 a.
549 4181 625 4244 Κ.
688 4180 776 4257 ΙΙ,
835 4178 948 4261 38,
1020 4202 1077 4243 n.
1134 4181 1278 4245 442.
1394 4180 1706 4263 Depinxit
1765 4180 2001 4245 artifex
2073 4179 2470 4264 Lycurgum,
2533 4179 2647 4260 qui

295 4290 563 4368 propter
607 4288 877 4366 peccata
932 4283 1000 4346 in
1061 4282 1388 4348 Bacchum
1444 4284 1784 4348 commissa
1825 4284 1891 4346 in
1939 4281 2155 4347 furore
2201 4287 2318 4347 est.
2407 4278 2649 4344 Contra

471 4478 514 4543 1)
552 4475 621 4529 cf.
664 4475 962 4544 Stephani,
1014 4475 1144 4528 Vas.
1182 4474 1242 4528 d.
1278 4473 1429 4529 Kais.
1468 4474 1674 4528 Ermit.
1712 4492 1766 4528 n.
1806 4476 1937 4542 424;
1988 4469 2261 4535 Gerhard‚
2319 4467 2647 4534 Mysterien—

299 4565 500 4632 bilder,
537 4564 619 4617 Tf.
658 4565 719 4632 43
758 4562 987 4617 Wiener
1026 4562 1213 4633 Vlgbl.
1263 4563 1318 4618 S.
1356 4562 1421 4630 E,
1473 4562 1534 4616 T.
1573 4562 1639 4631 V,
1679 4566 1730 4617 2.
