3092 4934
1689 307 1730 370 6

699 487 840 571 Quo
886 509 1032 553 cum
1074 488 1217 555 loco
1262 489 1429 558 alter
1473 491 1950 574 quodammodo
2011 491 2335 558 cohaeret.
2425 492 2660 558 Exstat
2706 492 2876 562 enim

526 591 756 656 Alcaei
801 590 1230 674 fragmentum
1256 593 1331 678 ¹),
1376 594 1439 658 in
1488 616 1619 677 quo
1662 601 1859 677 poeta
1886 594 2039 660 Irim
2074 595 2372 681 Zephyro
2418 602 2692 678 nuptam
2736 614 2877 659 esse

525 692 704 757 dicit.
795 693 940 771 Qua
982 718 1062 759 ex
1106 718 1175 761 re
1222 718 1367 762 cum
1400 696 1572 764 Max.
1609 696 1830 782 Mayer
1859 698 1899 762 l.
1929 696 1974 762 l.
2021 696 2323 777 effecerit,
2370 697 2688 762 Alcaeum
2722 697 2871 761 Irim

524 795 710 860 deam
753 798 993 862 aeriam
1038 799 1395 882 producere
1441 798 1736 877 voluisse,
1783 799 2031 876 dubit0,
2093 822 2244 864 num
2291 806 2469 865 recte
2514 800 2872 882 collegerit.

523 896 672 964 Mea
728 899 985 982 quidem
1044 905 1368 968 sententia
1412 901 1690 968 Alcaeus
1756 909 1966 986 poeta>
2014 905 2337 985 posterior
2395 902 2519 969 hoc
2589 901 2731 967 loco
2795 923 2876 967 ex

523 997 784 1067 Homeri
830 1001 998 1085 dape
1040 1003 1366 1070 uberrima
1410 1004 1659 1091 aliquid
1704 1003 1932 1069 libavit
1990 1011 2188 1091 atque
2234 1025 2314 1070 ex
2362 1004 2476 1070 illa
2519 1004 2876 1071 laetissima

522 1102 715 1167 Iridis
772 1104 1285 1172 consalutatione
1342 1127 1536 1190 quam
1597 1109 1951 1173 invenimus
2010 1105 2052 1170 l.
2085 1127 2135 1171 s.
2171 1105 2215 1172 l.
2276 1105 2529 1173 effinxit
2592 1106 2870 1190 Zephyri

522 1204 842 1289 Iridisque
886 1208 1295 1273 connubium.

696 1307 781 1374 Hi
824 1315 1080 1374 tantum
1129 1310 1253 1376 loci
1301 1311 1665 1393 graviorem
1709 1331 1867 1393 prae
1912 1331 1981 1375 se
2025 1309 2247 1375 ferunt
2290 1310 2592 1394 speciem,
2638 1311 2875 1375 tertius

522 1412 635 1493 qui
680 1419 888 1476 restat
932 1413 1196 1477 minoris
1243 1421 1343 1478 est
1385 1413 1711 1477 momenti.
1799 1412 2155 1478 Pausanias
2216 1414 2381 1476 enim
2440 1414 2504 1477 in
2546 1413 2586 1477 l.
2634 1412 2742 1491 111,
2796 1414 2872 1477 19

519 1512 745 1590 tradit,
805 1514 869 1577 in
929 1514 1262 1598 Bathyclis
1307 1515 1623 1598 Magnesii
1685 1536 1800 1580 ara
1866 1515 2211 1599 Amyclaea
2277 1514 2454 1579 Irida
2519 1536 2872 1580 connexam

522 1635 660 1679 esse
722 1616 1065 1681 maritimis
1131 1618 1233 1681 dis
1299 1616 1601 1701 Neptuno
1663 1626 1731 1682 et
1786 1618 2235 1701 Amphitritae.
2323 1617 2531 1695 Quam
2595 1640 2726 1682 rem
2788 1617 2869 1681 ad

522 1724 728 1781 totam
761 1716 954 1782 Iridis
985 1719 1274 1785 Graecae
1318 1727 1620 1784 naturam
1667 1741 1708 1786 a
1754 1720 1938 1785 nobis
1984 1741 2153 1784 nunc
2201 1721 2621 1785 constitutam
2667 1720 2871 1784 levem

522 1839 662 1883 esse
717 1821 927 1902 quivis
988 1823 1297 1887 concedet
1359 1824 1471 1905 qui
1532 1823 1892 1905 respexerit
1934 1822 2322 1888 Pausaniam
2381 1824 2719 1888 sententiis
2772 1824 2872 1886 sui

522 1923 763 1986 saeculi
818 1922 1008 1989 facile
1065 1925 1216 1989 duci
1277 1926 1565 2007 potuisse
1626 1933 1700 1989 ut
1747 1924 1929 1989 Irida
1989 1926 2173 1990 deam
2234 1926 2515 2008 pluviam
2581 1946 2724 1990 cum
2771 1925 2873 1988 dis

524 2027 864 2090 maritimis
905 2028 970 2090 in
1016 2023 1132 2091 illa
1175 2047 1291 2092 ara
1320 2028 1725 2109 conjunctam
1752 2048 1890 2093 esse
1922 2033 2207 2110 poneret.
2299 2027 2656 2092 Pausaniae
2703 2029 2869 2091 enim

521 2129 922 2211 temporibus
965 2128 1117 2194 Irim
1163 2129 1446 2213 pluviam
1491 2130 1590 2195 vel
1636 2131 1875 2195 aeriam
1922 2130 2108 2194 deam
2146 2128 2281 2212 jam
2316 2132 2428 2195 diu
2461 2130 2699 2195 factam
2733 2150 2873 2194 esse

521 2252 602 2293 ex
649 2230 893 2313 Vergili
926 2230 1244 2315 Ovidique
1291 2233 1582 2298 versibus
1625 2235 1938 2315 sequitur.
2028 2233 2166 2311 Quo
2211 2240 2500 2316 tempore
2543 2233 2721 2297 facta
2764 2233 2870 2309 sit,

522 2333 893 2414 conjectura
950 2341 1202 2400 tantum
1263 2335 1476 2418 colligi
1541 2342 1775 2418 potest.
1866 2335 2233 2401 Ponendum
2292 2337 2459 2400 enim
2516 2341 2614 2398 est
2684 2335 2872 2399 Iridis

522 2456 745 2499 nomen
814 2434 987 2519 quod
1048 2446 1436 2521 congrueret
1490 2459 1635 2503 cum
1694 2439 1947 2503 nomine
2003 2458 2193 2502 arcus
2257 2436 2554 2503 caelestis
2609 2458 2869 2502 causam

520 2537 720 2602 fuisse
752 2559 866 2603 cur
896 2538 1237 2604 Euhemeri
1285 2542 1453 2604 ratio
1485 2541 1851 2624 opinioque,
1898 2540 2255 2606 Stoicorum
2288 2540 2655 2622 allegoriae,
2700 2561 2870 2622 quae

521 2641 807 2704 omnium
850 2642 1116 2706 deorum
1159 2644 1629 2726 proprietatem
1686 2642 2243 2726 principalemque
2304 2651 2601 2706 naturam
2648 2643 2871 2725 perdi'-

523 2743 776 2822 derunt,
822 2743 998 2809 Irida
1040 2746 1230 2810 deam
1277 2767 1423 2811 cum
1465 2768 1621 2810 arcu
1670 2747 1929 2811 caelesti
1978 2746 2456 2827 conjungerent.

693 2845 829 2911 Hoc
885 2848 1113 2930 utique
1175 2855 1433 2914 constat
1498 2849 1688 2913 Iridis
1749 2853 2048 2912 naturam
2107 2849 2172 2910 in
2234 2854 2565 2930 posterum
2611 2852 2870 2928 tempus

522 2949 789 3012 eandem
842 2949 1041 3015 fuisse
1088 2952 1365 3016 numinis
1409 2951 1612 3034 pluvii
1655 2949 1755 3016 vel
1816 2951 1990 3015 aerii.
2079 2947 2262 3028 Quod
2324 2970 2493 3032 quae
2551 2949 2873 3031 interpres

522 3049 631 3115 ille
676 3050 938 3117 Homeri
984 3054 1294 3137 antiquus
1340 3061 1407 3118 et
1449 3053 1717 3118 Tzetzes
1762 3053 1842 3117 de
1888 3053 2059 3117 Iride
2120 3054 2440 3117 senserint
2492 3072 2697 3134 aeque
2756 3050 2869 3114 de—

520 3160 888 3218 monstrant
931 3162 1129 3238 atque
1176 3156 1695 3240 OlympiodoruS‚
1741 3157 1853 3238 qui
1901 3159 1985 3219 ad
2030 3156 2299 3219 Aristot.
2334 3154 2600 3219 Meteor.
2648 3175 2709 3235 p.
2752 3153 2871 3218 132

521 3257 619 3322 ed.
650 3255 807 3320 ldel.
835 3262 889 3339 ¹)
934 3259 1268 3324 annotavit
1298 3259 1476 3324 Irida
1506 3282 1545 3324 a
1577 3261 1786 3342 poetis
1830 3254 2213 3338 ὖετόμαντιν
2259 3256 2408 3334 dici,
2456 3264 2522 3320 et
2549 3256 2774 3320 Aetius
2796 3259 2869 3334 ⁸),

520 3360 633 3442 qui
679 3360 883 3425 tradit
926 3362 1007 3424 de
1051 3361 1309 3444 placitis
1353 3361 1588 3445 philos.
1635 3360 1745 3439 Ill,
1792 3363 1854 3439 Ξ),
1900 3362 1940 3424 2

520 3457 624 3526 διὸ
672 3458 781 3525 καὶ
829 3454 1283 3544 ἐμυθεύσαντό
1332 3487 1516 3541 τινες,
1581 3458 1783 3548 αὐτὴν
1849 3466 1965 3545 (sc.
2009 3462 2214 3544 Irida)
2282 3456 2523 3547 ταύρου
2583 3458 2872 3548 κεφαλὴν

518 3559 788 3645 ἐᾶουσαν
832 3558 1218 3651 ἄναρῤοφεῖν
1262 3561 1412 3644 τοὺς
1443 3560 1804 3647 ποταμούς.
1894 3564 2143 3643 Quibus
2172 3564 2381 3629 verbis
2413 3564 2583 3628 idem
2616 3564 2874 3629 videtur

521 3668 790 3750 exprimi
850 3669 1023 3750 quod
1071 3668 1379 3752 Papinius
1424 3668 1674 3733 Statius
1719 3670 1781 3732 in
1828 3667 2024 3734 Theb.
2072 3668 2112 3732 l.
2159 3668 2268 3743 IX,
2315 3669 2442 3731 405
2471 3687 2550 3731 ss,
2608 3669 2875 3750 exponit

781 3772 868 3835 At
912 3778 1102 3853 pater
1147 3792 1383 3836 arcano
1429 3772 1721 3835 residens
1766 3771 2047 3835 Ismenos
2090 3771 2156 3850 in
2206 3779 2413 3847 antr0,

780 3872 968 3937 Unde
1012 3895 1211 3940 aurae
1256 3873 1590 3956 nubesque
1635 3873 1870 3938 bibunt
1914 3881 2111 3957 atque
2157 3871 2443 3938 imbrifer
2488 3892 2677 3938 arcus

778 3975 1096 4041 Pascitur.

692 4076 819 4142 Sed
863 4076 1025 4145 haec
1067 4080 1411 4155 hactenus3
1467 4075 1639 4161 quae
1692 4079 1932 4162 protuli
1978 4080 2138 4144 satis
2183 4076 2338 4143 mihi
2383 4076 2687 4143 videntur
2731 4098 2872 4144 esse

522 4179 606 4244 ad
635 4179 1113 4260 illustrandum,
1159 4182 1357 4259 Irida,
1404 4203 1601 4264 quam
1632 4183 1993 4248 invenimus
2022 4181 2196 4267 apud
2229 4180 2576 4246 Homerum
2611 4181 2878 4264 ejusque

661 4425 706 4495 ¹)
744 4423 818 4479 cf.
857 4424 1065 4492 Bergk,
1104 4422 1196 4477 Fr.
1242 4425 1322 4488 13,
1362 4424 1427 4491 B,
1466 4426 1515 4477 4.
1558 4421 1702 4477 Aufl.
1774 4422 1982 4491 Rosch‚
2023 4421 2155 4476 Lex.
2196 4439 2252 4491 p.
2290 4423 2411 4477 323.
2556 4421 2598 4490 ⁹)
2636 4419 2706 4475 cf.
2735 4421 2869 4476 Mei·

520 4508 681 4578 neke,
719 4511 879 4564 Anal.
907 4511 1066 4564 Alex.
1095 4528 1149 4579 p.
1182 4514 1300 4565 106.
1445 4512 1491 4579 8)
1531 4509 1928 4564 Pseudo-Plut.
1958 4510 2030 4566 cf.
2057 4510 2227 4576 Diels,
2267 4511 2513 4579 Doxogr.
2542 4507 2638 4563 Gr.
2665 4510 2763 4563 371
2798 4526 2869 4564 ss.
