3092 4934
1602 278 1689 342 20

463 469 579 529 aut
623 462 922 541 Moeram,
984 468 1058 528 ut
1102 462 1471 527 nominatur
1517 464 1707 529 Arch.
1756 463 1896 546 Ztg.
1950 463 2130 540 1851,
2191 486 2250 547 p.
2298 466 2402 542 24,
2446 486 2584 530 esse
2627 474 2815 549 pute-

465 585 636 643 mne,
698 586 841 630 cum
903 565 1162 631 meliore
1213 566 1744 649 interpretatione
1803 589 1944 631 eam
1990 565 2314 632 Victoriae
2358 590 2624 632 munere
2669 568 2814 633 fun-

465 675 719 749 gentem
765 689 933 752 quae
977 668 1253 734 tabellas
1299 668 1585 752 colligat,
1647 668 1769 734 hac
1811 671 1876 733 in
1924 690 2176 752 gemma
2221 669 2502 736 effictam
2549 692 2687 736 esse
2731 673 2814 736 ab

464 769 714 835 artifice
761 791 1002 854 ponere
1045 773 1381 855 possimus,

634 873 1003 938 Proximum
1069 881 1168 941 est
1231 882 1309 940 ut
1374 895 1640 958 agamus
1710 874 1791 938 de
1856 875 1983 940 illis
2048 895 2341 940 vasorum
2412 877 2684 959 picturis
2748 878 2813 941 in

465 975 703 1057 quibus
768 977 1058 1060 pleniore
1115 984 1192 1042 ut
1255 976 1352 1043 ita
1410 977 1626 1042 dicam
1708 997 1941 1042 scaena
2004 977 2125 1043 Iris
2193 978 2484 1060 fungitur
2556 1001 2816 1045 munere

465 1080 731 1143 nuntiae
776 1079 1060 1144 deorum.
1148 1077 1346 1161 Cujus
1390 1081 1643 1162 generis
1687 1078 1806 1145 has
1847 1081 2205 1145 invenimus
2248 1081 2593 1164 imagines:

635 1180 936 1247 Bullet.
1002 1182 1064 1246 d.
1133 1182 1392 1248 Instit.
1462 1183 1696 1261 1869,
1766 1205 1830 1266 p.
1885 1183 2065 1260 1253
2134 1185 2352 1266 agitur
2413 1184 2494 1248 de
2562 1185 2817 1269 lecytho

468 1282 631 1347 Mus.
679 1284 962 1367 Neapol.,
1024 1285 1087 1349 in
1145 1306 1272 1369 quo
1331 1285 1659 1368 depictum
1719 1286 2003 1351 videmus
2059 1287 2380 1370 quomodo
2433 1285 2673 1351 Hector
2734 1288 2816 1351 ad

468 1386 848 1469 quadrigam
896 1388 1201 1470 alligatus
1240 1387 1323 1452 ab
1369 1387 1618 1453 Achille
1662 1409 1781 1471 per
1819 1387 2084 1472 planum
2129 1389 2451 1454 trahatur.
2543 1389 2820 1455 Achilles

469 1509 661 1554 cursu
723 1490 1102 1574 quadrigam
1164 1491 1524 1557 comitatur.
1613 1488 1889 1557 Advolat
1940 1492 2064 1556 dea
2108 1491 2283 1556 alata
2327 1492 2547 1557 tunica
2591 1493 2821 1558 induta

468 1612 634 1673 quae
689 1613 832 1657 cum
878 1594 1159 1658 caduceo
1202 1595 1522 1659 instructa
1568 1594 1654 1657 sit
1697 1601 1894 1676 atque
1940 1596 2232 1659 dextram
2278 1594 2466 1659 tollat
2509 1602 2821 1678 tanquam

470 1694 789 1771 locutura,
838 1695 974 1759 sine
1019 1695 1215 1760 dubio
1263 1696 1382 1759 Iris
1425 1695 1603 1760 Jovis
1652 1697 1880 1761 nuntia
1922 1696 2312 1780 appellanda
2357 1705 2474 1762 est.

637 1797 872 1876 Jahn,
921 1804 1070 1861 cat.
1116 1818 1272 1862 vas.
1321 1797 1585 1862 Pinac.
1633 1798 1821 1864 Mon.
1866 1822 1924 1863 n.
1969 1800 2146 1876 4073
2192 1797 2453 1883 pictura
2496 1800 2822 1866 simillima

471 1920 545 1964 eo
589 1906 844 1965 tantum
886 1898 1101 1965 differt
1145 1922 1184 1966 a
1227 1901 1443 1984 priore
1483 1901 1763 1984 imagine
1794 1901 1969 1985 quod
1997 1903 2116 1967 Iris
2146 1903 2229 1967 ad
2262 1902 2576 1968 Achillem
2618 1925 2820 1988 prope

469 2002 854 2084 quadrigam
899 2008 1179 2066 stantem
1229 2004 1733 2086 appropinquat.

641 2103 926 2193 Annali
971 2103 1030 2168 d.
1076 2104 1266 2169 Inst.
1320 2106 1543 2182 1859,
1588 2129 1652 2190 p.
1699 2108 1882 2182 2993
1929 2106 2063 2188 egit
2108 2106 2180 2169 E.
2222 2107 2526 2174 Petersen
2571 2109 2654 2174 de
2697 2109 2821 2175 hoc

469 2227 617 2271 vase
663 2206 1055 2271 collectionis
1103 2206 1432 2291 Campana
1473 2208 1538 2271 in
1587 2229 1715 2290 quo
1760 2216 1988 2293 raptus
2036 2209 2346 2274 malorum
2392 2211 2818 2296 Hesperidum

468 2309 764 2393 depictus
819 2315 936 2373 est.
1031 2309 1103 2373 In
1164 2310 1372 2374 altera
1436 2311 1604 2376 vasis
1660 2319 1847 2395 parte
1906 2312 2249 2378 Herculem
2309 2313 2596 2379 videmus
2655 2315 2823 2379 mala

473 2421 664 2496 rapta
717 2410 1081 2496 Eurystheo
1149 2413 1539 2489 tradentem,
1616 2421 1765 2497 post
1829 2415 2170 2480 Herculem
2240 2416 2616 2498 adjutricem
2686 2419 2821 2500 ejus

479 2518 846 2585 Minervam.
932 2514 1005 2577 In
1059 2514 1264 2578 altera
1321 2526 1508 2599 parte
1565 2517 1959 2600 conspicitur
2014 2519 2208 2584 draco
2255 2520 2584 2603 deceptus,
2631 2541 2825 2602 quem

477 2620 694 2686 arbori
740 2639 808 2682 se
853 2616 1447 2683 circumvolventem
1508 2619 1688 2684 Atlas
1732 2627 1798 2684 et
1842 2620 2268 2705 Hesperidum
2311 2622 2630 2704 quaedam
2678 2644 2826 2706 per-

473 2723 687 2788 territi
735 2726 1141 2785 contuentur.
1231 2720 1478 2798 Quibus
1537 2722 1659 2787 Iris
1712 2723 1888 2788 alata
1945 2745 1985 2788 a
2039 2727 2304 2790 sinistra
2358 2732 2545 2808 parte
2591 2727 2827 2790 cursim

473 2825 961 2909 appropinquat
1015 2821 1298 2887 caduceo
1353 2823 1689 2889 instructa.
1796 2824 2319 2910 Trendelenburg
2382 2828 2444 2890 in
2510 2847 2829 2892 commen-

472 2929 720 2994 tatione
765 2925 930 3005 „Iris
974 2925 1062 2988 im
1107 2924 1726 3008 Parthenongiebel“
1776 2929 1999 3010 (Arch.
2047 2930 2187 3012 Ztg.
2241 2931 2424 3012 1880)
2470 2931 2659 2995 deam
2707 2931 2829 2996 hoc

471 3029 611 3094 loco
657 3028 985 3111 depictam
1030 3028 1125 3092 ita
1170 3027 1518 3111 explanare
1563 3030 1803 3108 studet,
1850 3038 1925 3096 ut
1969 3054 2109 3097 eam
2155 3054 2283 3098 una
2329 3055 2474 3098 cum
2504 3033 2825 3117 Neptun0‚

472 3154 665 3217 quem
720 3138 786 3196 et
839 3131 1051 3213 ipsum
1104 3132 1170 3193 in
1225 3132 1483 3214 pictura
1538 3132 1822 3198 tridente
1882 3134 2254 3201 denotatum
2311 3137 2693 3213 invenimus,
2752 3146 2830 3201 ut

473 3236 669 3300 maris
715 3233 867 3297 deos
913 3239 1314 3315 spectatores
1359 3233 1551 3317 hujus
1597 3238 1690 3300 rei
1738 3257 1876 3301 esse
1921 3236 2117 3301 dicat.
2226 3236 2343 3301 Cui
2392 3239 2826 3323 explanationi

473 3336 772 3402 assentiri
830 3356 954 3400 non
1015 3356 1304 3418 possum,
1362 3359 1507 3404 cum
1560 3338 1682 3403 Iris
1738 3340 2000 3403 minime
2044 3341 2323 3423 speciem
2368 3341 2601 3406 reddat
2643 3362 2827 3425 spec-

475 3440 707 3503 tatoris
741 3445 815 3502 ut
846 3437 1185 3520 Neptunus
1229 3440 1342 3505 sed
1379 3443 1645 3506 nuntiae
1691 3443 1976 3519 deorum,
2027 3463 2195 3524 quae
2238 3441 2509 3508 Junonis
2553 3443 2829 3510 fortasse

466 3542 651 3622 jussu
699 3561 891 3605 cursu
937 3542 1209 3619 accedit,
1265 3549 1341 3606 ut
1385 3543 1681 3609 Herculis
1727 3547 2089 3627 inceptum,
2147 3545 2322 3626 quod
2377 3546 2485 3610 ille
2541 3547 2831 3612 Minerva

479 3643 799 3726 adjutrice
835 3643 969 3724 jam
1018 3644 1309 3724 confecit,
1358 3646 1442 3710 ad
1487 3648 1741 3712 irritum
1786 3648 2063 3729 redigat.

647 3743 1047 3826 Gerhard,
1097 3748 1167 3812 A.
1214 3749 1290 3815 V.
1335 3749 1383 3826 Ι,
1429 3749 1564 3826 46;
1613 3751 1873 3833 depicta
1903 3756 2002 3814 est
2044 3749 2171 3815 hac
2213 3751 2279 3813 in
2311 3750 2621 3833 amphora
2654 3751 2830 3816 Mar-

474 3869 665 3933 pessa
703 3849 1020 3933 judicans,
1068 3872 1198 3932 qua
1244 3851 1325 3915 de
1355 3874 1426 3916 re
1459 3852 1913 3916 conferendum
1946 3859 2044 3917 est
2070 3853 2245 3934 quod
2278 3852 2593 3919 Homerus
2622 3856 2831 3921 tradit

475 3954 538 4015 in
600 3952 783 4016 Iliad.
838 3951 875 4016 1.
933 3951 1054 4030 IX,
1116 3976 1173 4018 v,
1219 3954 1365 4020 559.
1466 3953 1614 4018 Idas
1668 3953 1868 4019 lorica
1925 3962 1991 4019 et
2049 3953 2240 4019 hasta
2295 3956 2652 4021 instructus
2707 3965 2827 4033 est,

478 4054 708 4138 Apollo
767 4054 978 4118 nudus
1037 4054 1221 4119 lauro
1279 4056 1626 4121 distinctus
1683 4077 1905 4121 arcum
1961 4078 2151 4121 manu
2210 4064 2403 4121 tenet.
2495 4058 2830 4142 Marpessa

475 4156 690 4221 velata
749 4157 832 4220 ad
887 4157 1066 4221 Idam
1122 4179 1191 4222 se
1254 4160 1478 4236 vertit,
1536 4179 1665 4241 quo
1724 4160 1936 4242 pictor
1990 4167 2209 4224 utrum
2257 4159 2369 4224 illa
2415 4160 2700 4226 electura
2743 4164 2832 4228 sit

477 4257 820 4341 significat,
867 4258 986 4324 Iris
1042 4261 1264 4327 tunica
1323 4260 1580 4339 induta,
1639 4261 1923 4326 caduceo
1969 4270 2169 4346 atque
2213 4263 2443 4346 pennis
2488 4270 2556 4329 et
2598 4265 2662 4328 in
2708 4265 2832 4333 hu—

474 4362 668 4426 meris
714 4369 782 4425 et
823 4362 889 4425 in
932 4362 1209 4446 pedibus
1251 4364 1550 4447 praedita
1582 4363 1943 4448 Apollinem
1974 4365 2328 4448 alloquitur
2373 4366 2456 4432 ad
2501 4389 2645 4432 eum
2691 4370 2831 4436 sine

481 4463 678 4531 dubio
725 4467 1243 4532 commovendum
1294 4474 1368 4532 ut
1412 4469 1535 4533 hoc
1571 4465 1815 4549 judicio
1860 4469 2250 4551 acquiescat.
