3092 4934
1605 316 1646 380 4

456 502 683 566 ficibus
727 502 882 567 ficta
925 503 1206 585 priorem
1251 502 1694 583 quaestionem
1740 522 1994 566 movere
2057 503 2376 585 quomodo
2435 502 2806 566 effinxerint

457 605 632 668 illam
677 611 908 687 poetae
951 605 1225 685 antiqui.

627 707 1004 771 Tractemus
1071 706 1272 787 igitur
1343 705 1464 769 hoc
1525 705 1740 785 modo·
1781 712 2067 770 nostram
2137 728 2289 769 rem.
2375 705 2597 789 Neque
2654 727 2801 770 vero

457 831 673 873 omnes
718 816 1055 892 poetarum
1104 814 1171 871 et
1215 808 1605 889 scriptorum
1654 808 1828 873 locos
1873 808 2156 886 afferam,
2206 809 2443 891 quibus
2490 808 2608 873 Iris
2656 829 2798 891 pro·

455 913 734 988 ducitur,
782 911 954 994 quod
1000 910 1080 973 de
1127 930 1205 973 ea
1250 931 1319 973 re
1365 917 1581 975 exstat
1630 909 1695 975 C.
1741 911 2001 976 Arnoldi
2051 912 2505 975 commentatio
2531 916 2611 993 1);
2659 910 2802 974 illos

454 1021 712 1078 tantum
755 1012 1164 1096 percensebO,
1228 1032 1306 1074 ex
1351 1011 1590 1094 quibus
1636 1012 1889 1077 eluceat
1932 1013 2189 1095 qualem
2234 1015 2513 1096 speciem
2560 1035 2636 1078 ac
2681 1035 2799 1077 na-

360 1126 368 1132 '
453 1124 663 1181 turam
710 1122 940 1198 poetae
984 1115 1462 1196 scriptoresque
1508 1114 1664 1178 Iridi
1713 1116 2027 1180 dederint.

625 1218 857 1282 Ortum
933 1216 1123 1279 Iridis
1198 1215 1383 1280 nobis
1457 1217 1727 1281 tradunt
1801 1217 2119 1281 Hesiodus
2209 1224 2275 1280 et
2350 1215 2799 1299 ApollodoruS,

454 1341 726 1402 quorum
792 1319 957 1383 alter
1021 1319 1086 1380 in
1155 1317 1388 1399 Theog.
1443 1340 1498 1382 v.
1565 1320 1712 1395 266,
1782 1319 1948 1383 alter
2016 1320 2079 1381 iu
2142 1319 2307 1383 Bibl.
2355 1319 2401 1394 Ι,
2448 1322 2505 1396 2,
2555 1320 2593 1381 6
2657 1340 2797 1383 cam

453 1421 876 1486 Thaumantis
939 1425 1004 1483 et
1049 1419 1347 1484 Electrae
1402 1419 1621 1497 filiam,
1691 1421 1967 1486 celerum
2028 1421 2453 1505 Harpyiarum
2514 1442 2795 1485 sororem

455 1545 594 1588 esse
648 1525 839 1600 dicit,
902 1522 1138 1604 quibus
1194 1522 1419 1587 similis
1476 1544 1515 1586 a
1561 1524 1771 1605 poetis
1816 1524 1993 1588 alata
2042 1525 2423 1588 nominatur.
2516 1525 2621 1589 Sic
2665 1524 2796 1587 Ho-

455 1647 667 1691 merus
711 1627 776 1688 in
825 1624 892 1690 Il.
939 1623 983 1687 l.
1033 1623 1198 1700 VIII,
1246 1645 1300 1688 v.
1349 1625 1475 1687 398
1521 1625 1682 1688 dicit

856 1716 1018 1807 Ἶριν
1061 1719 1118 1788 δ’
1162 1716 1406 1806 ὤτρυνε
1447 1723 1891 1808 χρυσόπτερον
1934 1720 2381 1808 ἀγγελέουσαν,

455 1849 731 1910 quocum
775 1848 964 1892 versu
1023 1828 1441 1910 comparandi
1502 1835 1655 1892 sunt
1717 1829 2007 1892 nonnulli
2062 1828 2184 1893 loci
2239 1830 2496 1912 Vergili,
2559 1833 2670 1914 qui
2730 1833 2795 1894 in

454 1930 754 1993 Aeneidis
799 1930 838 1993 l.
885 1930 991 2007 IV,
1038 1952 1092 1992 v.
1142 1932 1267 1994 700
1313 1930 1434 1995 hoc
1478 1932 1668 1995 modo
1710 1930 2001 2015 loquitur

793 2033 964 2114 Ergo
1008 2032 1130 2097 Iris
1176 2035 1419 2098 croceis
1464 2055 1581 2116 per
1627 2034 1876 2099 caelum
1923 2033 2180 2098 roscida
2224 2036 2457 2116 pinnis,

791 2135 965 2198 Mille
1008 2135 1274 2198 trahens
1321 2137 1533 2199 varios
1584 2136 1851 2201 adverso
1899 2137 2031 2200 sole
2078 2137 2323 2201 colores

796 2237 1062 2302 Devolat
1107 2244 1173 2301 et
1216 2257 1413 2320 supra
1462 2245 1668 2321 caput
1710 2239 1969 2304 adstitit
2016 2277 2096 2286 -—

451 2338 750 2421 idemque
795 2340 860 2401 in
908 2339 951 2402 1.
998 2339 1070 2417 V,
1120 2339 1241 2404 657
1289 2347 1356 2405 et
1398 2341 1437 2404 l.
1488 2340 1596 2417 lX,
1652 2341 1731 2404 14

1309 2442 1578 2524 paribus
1623 2463 1692 2507 se
1736 2443 2002 2507 sustulit
2043 2443 2164 2506 alis

791 2541 1254 2625 lugentemque
1299 2544 1452 2626 fuga
1499 2545 1707 2608 secuit
1750 2544 1869 2608 sub
1916 2545 2193 2609 nubibus
2239 2567 2480 2609 arcum.

447 2643 814 2708 Notandum
863 2652 1079 2709 autem
1125 2653 1243 2722 est,
1305 2647 1655 2728 Vergilium
1716 2646 1815 2711 his
1869 2647 2157 2712 versibus
2204 2648 2356 2711 Irim
2414 2655 2594 2712 arcte
2642 2669 2795 2712 con-

437 2746 710 2828 jungere
768 2768 912 2810 cum
974 2769 1131 2812 arcu
1188 2747 1471 2825 caelesti,
1538 2770 1814 2830 quocum
1882 2750 2295 2814 consentiunt
2361 2750 2470 2813 alii
2537 2771 2796 2832 quoque

446 2855 676 2930 poetae
727 2850 1208 2933 scriptoresque
1253 2852 1663 2933 posterioreS,
1726 2852 1837 2932 qui
1895 2850 2117 2915 eadem
2180 2852 2568 2933 cogitatione
2613 2852 2794 2916 ducti

446 2950 621 3015 Irida
659 2950 847 3015 deam
893 2951 1053 3015 caeli
1101 2953 1302 3017 nubes
1348 2959 1691 3034 augentem
1741 2954 1838 3016 vel
1897 2953 2181 3035 pluviam
2244 2955 2596 3019 nominant.
2688 2955 2795 3020 Sic

448 3052 713 3116 Ovidius
758 3054 822 3116 in
874 3062 1018 3118 met.
1061 3053 1102 3118 l.
1147 3054 1194 3130 I,
1242 3055 1363 3119 271
1415 3055 1643 3119 scribit

731 3155 1031 3239 Concipit
1078 3156 1194 3221 Iris
1239 3178 1445 3240 aquas
1487 3157 1925 3238 alimentaque
1973 3156 2252 3221 nubibus
2297 3157 2503 3222 affert.

617 3255 860 3332 Quibus
907 3266 1245 3340 poetarum
1275 3260 1707 3324 Romanorum
1746 3259 1903 3323 locis
1934 3258 2109 3322 Irida
2153 3281 2378 3324 revera
2423 3282 2562 3325 esse
2608 3261 2790 3326 deam

442 3356 724 3439 pluviam
789 3366 1097 3444 arcteque
1158 3363 1565 3444 conjunctam
1626 3383 1769 3426 cum
1837 3382 1994 3425 arcu
2057 3360 2321 3425 caelesti
2383 3364 2792 3427 manifestum

444 3467 569 3536 est3
638 3462 975 3542 quaeritur
1039 3486 1206 3528 nunc
1275 3465 1447 3528 unde
1513 3472 1659 3528 orta
1721 3465 1807 3527 sit
1871 3464 2032 3526 haec
2078 3464 2236 3527 deae
2281 3466 2528 3547 species
2573 3465 2670 3529 vel
2718 3473 2794 3530 ut

443 3564 719 3644 priorem
783 3566 1224 3645 quaestionem
1291 3573 1596 3630 accurate
1651 3586 2024 3648 proponam,
2086 3587 2238 3628 uum
2286 3565 2599 3631 Homerus
2654 3568 2790 3648 jam

444 3665 771 3747 ceterique
818 3666 1176 3732 Graecorum
1221 3667 1503 3733 artifices
1550 3668 1744 3732 talem
1794 3669 2210 3748 cognoverint
2254 3668 2457 3732 deam.

612 3767 753 3844 Qua
797 3769 860 3830 in
908 3791 977 3832 re
1022 3770 1437 3851 dijudicanda
1498 3770 1846 3834 tenendum
1892 3776 1991 3832 est
2037 3769 2381 3834 Homerum
2429 3770 2603 3835 nullo
2650 3772 2789 3836 loco

439 3869 504 3932 in
534 3869 959 3935 describenda
988 3871 1159 3935 Iride
1190 3892 1376 3936 usum
1409 3893 1546 3937 csse
1578 3872 1788 3937 verbis
1832 3872 2066 3954 quibus
2115 3873 2540 3936 demonstrari
2588 3876 2793 3956 possit

442 3978 700 4053 poetam
768 3972 944 4036 lrida
1010 3973 1197 4037 deam
1268 3975 1656 4057 conjungere
1724 3974 1998 4039 voluisse
2068 3996 2212 4039 cum
2280 3995 2435 4039 arcu
2509 3978 2792 4041 caelesti.

441 4073 602 4137 Nam
660 4096 737 4137 ex
800 4096 985 4140 versu
1044 4075 1155 4139 illo
1204 4076 1243 4139 l.
1294 4077 1459 4157 VIII,
1507 4078 1655 4154 398,
1715 4077 1823 4141 ubi
1881 4078 2207 4141 invenitur
2265 4077 2598 4160 epitheton
2643 4102 2791 4160 χρυ-

440 4171 764 4257 σόπτερος
809 4177 968 4241 nihil
1011 4177 1179 4243 effici
1223 4199 1413 4262 posse
1460 4181 1670 4263 quivis
1736 4179 2076 4262 intelliget,
2134 4182 2245 4263 qui
2310 4202 2430 4245 non
2491 4182 2788 4264 opinione

436 4279 890 4360 praejudicata
919 4281 1004 4344 ad
1033 4280 1244 4345 locum
1274 4285 1640 4347 accesserit.
1718 4283 2061 4347 Praeterea
2091 4289 2310 4348 autem
2341 4284 2502 4347 talia
2533 4291 2786 4348 tantum

582 4505 618 4568 ¹)
659 4503 855 4572 Progr.
893 4503 992 4558 des
1033 4505 1292 4573 Gymnas.
1336 4524 1381 4557 z.
1422 4507 1815 4571 Nordhausen,
1858 4509 2011 4560 1884.
