3092 4934
1643 301 1725 364 32

513 484 668 549 facti
717 482 1083 561 cohaerent,
1145 492 1221 549 ut
1254 485 1392 565 jam
1435 505 1636 568 supra
1678 485 1982 563 indicavi,
2038 485 2166 550 duo
2224 493 2456 571 ectypa
2500 489 2580 553 de
2624 491 2857 573 quibus

513 609 685 652 nunc
729 593 1014 652 extremo
1061 587 1622 652 commentationis
1678 588 1819 654 loco
1870 588 2094 672 paucis
2161 589 2493 656 disseram.
2584 593 2739 675 Egit
2781 593 2857 657 de

513 689 643 754 illis
685 690 949 767 Robert,
995 690 1162 756 Mitt.
1210 690 1269 754 d.
1314 689 1491 755 arch.
1538 690 1693 758 Inst.
1723 713 1775 755 z.
1806 691 2018 756 Athen
2066 689 2201 769 VII,
2248 714 2311 776 p.
2338 695 2441 758 50.
2530 695 2602 759 In
2647 696 2856 778 priore

513 801 744 877 ectypo
775 793 950 875 quod
984 792 1294 877 Smyrnae
1339 801 1759 859 conservatur
1804 795 1985 876 virgo
2031 792 2210 859 alata
2266 794 2485 862 efficta
2529 804 2645 875 est,
2692 819 2857 881 quae

515 904 665 979 post
708 916 994 961 mensam
1042 894 1374 972 collocata,
1438 917 1479 960 a
1533 897 1717 979 cujus
1758 897 2056 981 partibus
2101 897 2455 963 Minervam
2504 907 2571 965 et
2612 899 2856 983 Neptu-

514 1022 666 1065 num
699 1000 916 1084 posuit
948 999 1206 1077 artilex,
1255 1020 1335 1063 ex
1364 1020 1529 1064 urna
1559 998 1868 1082 suffragia
1897 999 2089 1065 tollit.
2180 1000 2414 1083 Agitur
2440 1003 2520 1066 de
2551 1003 2855 1067 victoriae

506 1103 782 1185 judici0,
849 1102 1021 1185 quod
1091 1123 1217 1167 non
1286 1108 1503 1184 potest
1572 1102 1861 1168 dubitari
1919 1103 2075 1185 quin
2136 1102 2341 1185 ipsius
2386 1102 2716 1169 Victoriae
2772 1106 2857 1169 sit

509 1226 764 1271 munus.
851 1205 927 1269 In
978 1204 1186 1269 altero
1234 1211 1463 1289 ectypo
1520 1205 1822 1270 mutilato
1882 1204 2056 1288 quod
2102 1205 2346 1269 Romae
2391 1206 2452 1268 in
2501 1205 2673 1271 Villa
2703 1206 2857 1271 Car-

513 1330 721 1392 pegna
766 1314 1187 1373 conservatur
1233 1308 1458 1372 eadem
1503 1307 1639 1372 fere
1683 1309 1894 1389 imago
1941 1306 2157 1372 efficta
2203 1314 2320 1386 est,
2378 1329 2547 1391 quae
2592 1329 2667 1373 eo
2711 1315 2858 1374 tan-

514 1419 667 1476 tum·
708 1410 944 1489 differt,
1001 1409 1170 1492 quod
1227 1430 1343 1493 pro
1404 1409 1691 1475 Victoria
1744 1411 1924 1492 virgo
1978 1409 2323 1495 papilionis
2380 1411 2502 1476 alis
2556 1411 2856 1494 praedita

504 1514 744 1597 judicis
786 1533 1016 1578 munus
1060 1512 1213 1577 obit.
1301 1512 1508 1589 Quam
1554 1512 1636 1578 ob
1679 1534 1814 1578 rem
1858 1513 1904 1577 ii
1933 1514 2044 1595 qui
2076 1514 2244 1578 sicut
2274 1513 2556 1578 Toelken
2587 1520 2654 1577 et
2682 1513 2851 1578 Jahn

512 1616 690 1681 Irida
732 1615 858 1681 hac
903 1615 1109 1680 forma
1153 1614 1437 1681 effictam
1481 1635 1620 1681 esse
1664 1616 1906 1693 volunt,
1953 1615 2122 1681 hanc
2164 1617 2476 1699 virginem
2520 1615 2672 1680 Irim
2717 1636 2855 1681 esse

516 1718 1007 1785 contenderunt.
1095 1718 1230 1783 Iam
1280 1739 1480 1802 supra
1524 1719 1809 1802 exposui,
1855 1739 1958 1783 me
2001 1739 2207 1801 usque
2236 1718 2452 1784 adhuc
2480 1740 2609 1783 non
2640 1719 2856 1782 videre

516 1841 632 1886 cur
675 1820 758 1886 ab
804 1841 1025 1886 eorum
1083 1828 1324 1886 starem
1380 1820 1679 1904 partibus
1732 1842 1941 1903 neque
1994 1821 2118 1886 hoc
2172 1841 2571 1886 commoveor
2626 1828 2856 1905 ectypo

513 1932 590 1989 ut
647 1925 1034 1989 sententiam
1092 1930 1496 1989 commutem.
1611 1923 1776 1988 Nam
1826 1924 1881 1988 si
1941 1931 2153 1989 totum
2206 1930 2478 2008 ectypon
2546 1930 2854 1988 accurate

512 2028 1026 2111 perspexerimus
1103 2027 1534 2110 (tripertitum
1596 2027 1765 2091 enim
1832 2033 1932 2091 est
1994 2026 2542 2109 sarcophagorum
2615 2026 2853 2108 modo),

515 2130 700 2195 nobis
754 2129 945 2194 facile
1001 2129 1142 2208 erit,
1199 2130 1508 2211 virginem
1565 2128 1911 2212 papilionis
1969 2129 2185 2212 pinnis
2238 2129 2619 2194 instructam
2679 2135 2855 2193 recte

514 2233 945 2316 interpretari.
1032 2231 1249 2298 Media
1310 2231 1478 2295 enim
1532 2233 1597 2295 in
1654 2238 1844 2315 parte
1891 2233 2185 2296 Amorem
2241 2231 2530 2296 videmus
2579 2231 2854 2295 feminae

392 2404 395 2411 ,
511 2336 784 2412 sedenti,
830 2355 1023 2417 quam
1052 2334 1363 2399 Venerem
1393 2354 1532 2399 esse
1563 2333 1867 2417 colligere
1899 2334 2083 2399 nobis
2113 2334 2285 2412 licet,
2322 2333 2594 2399 similem
2625 2354 2852 2398 urnam

515 2438 862 2514 ferentem3
925 2439 1148 2520 itaque
1204 2439 1309 2502 vix
1365 2436 1741 2514 errabimus,
1803 2438 1854 2501 si
1911 2439 2217 2519 virginem
2267 2435 2391 2501 hoc
2437 2457 2581 2501 cum
2625 2436 2858 2500 Amore

514 2542 916 2623 conjunctam
986 2539 1274 2624 Psychen
1339 2541 1738 2604 nominamus
1804 2546 2003 2621 atque
2066 2545 2271 2603 totam
2346 2540 2688 2621 imaginem
2762 2541 2857 2602 ita

515 2642 924 2708 enucleamus
1001 2649 1078 2706 ut
1150 2662 1496 2727 ponamus,
1567 2641 1884 2707 artificem
1956 2641 2315 2725 principale
2380 2641 2541 2705 illud
2610 2659 2854 2724 propo-

511 2747 703 2809 situm
776 2745 949 2828 quod
1018 2751 1238 2809 notum
1300 2744 1423 2810 fuit
1484 2752 1683 2827 atque
1746 2744 1932 2810 nobis
1997 2744 2210 2827 priore
2275 2744 2340 2806 in
2409 2750 2636 2828 ectypo
2702 2763 2857 2808 con-

515 2855 838 2912 servatum
887 2854 1004 2925 est,
1060 2867 1244 2912 suum
1303 2848 1508 2930 ipsius
1560 2849 1883 2929 ingenium
1929 2853 2218 2912 secutum
2263 2846 2331 2909 in
2375 2845 2548 2910 hunc
2594 2844 2858 2909 modum

514 2957 817 3016 mutasse.

682 3052 858 3116 Haec
900 3052 1099 3117 habui
1144 3073 1311 3134 quae
1354 3052 1731 3116 dissererem
1780 3051 1861 3116 de
1906 3051 2030 3115 dea
2060 3051 2230 3114 Iride
2275 3072 2316 3116 a
2358 3057 2646 3115 veterum
2695 3053 2858 3116 arti-

509 3155 738 3221 ficibus
795 3155 1144 3220 illustrata.
1233 3155 1413 3232 Quae
1466 3156 1519 3219 si
1576 3156 2108 3239 perspexerimus,
2173 3154 2571 3218 inveniemus
2633 3153 2860 3217 eodem

511 3258 698 3323 modo
761 3265 958 3340 atque
1028 3279 1068 3323 a
1136 3258 1564 3340 scriptoribus
1640 3258 1831 3322 etiam
1897 3255 1981 3321 ab
2050 3254 2409 3320 artificibus
2474 3255 2654 3321 Irida
2720 3275 2862 3320 esse

513 3367 883 3425 tractatam.
974 3359 1292 3426 Homerus
1339 3361 1604 3443 ejusque
1649 3366 2002 3424 sectatores
2048 3358 2234 3422 deam
2281 3365 2568 3423 nostram
2614 3366 2860 3422 certam

518 3462 865 3528 effecerunt
925 3484 1287 3546 personam,
1350 3464 1638 3528 nuntiam
1706 3470 1769 3527 et
1833 3463 2127 3527 comitem
2189 3460 2455 3525 deorum
2522 3497 2599 3507 —-—
2660 3467 2868 3543 atque

513 3566 732 3630 eadem
780 3565 985 3630 forma
1028 3572 1227 3649 atque
1273 3572 1509 3630 natura
1565 3564 1749 3630 nobis
1802 3566 2085 3629 occurrit
2143 3564 2209 3627 in
2258 3563 2652 3629 Graecorum
2699 3563 2867 3627 arti-

509 3669 699 3734 ficum
762 3669 1205 3734 monumentis.
1294 3668 1492 3750 Virgo
1554 3666 1757 3744 alata,
1822 3688 1969 3732 raro
2033 3688 2158 3731 non
2222 3666 2430 3743 alata,
2489 3666 2867 3748 saepissime

510 3773 793 3838 caduceo
862 3759 1237 3850 instructa,
1278 3772 1531 3849 tunica,
1602 3772 1823 3847 mitra,
1886 3769 2155 3834 armillis
2218 3775 2531 3833 exornata
2595 3767 2867 3832 deorum

499 3877 684 3959 jussa
739 3876 1131 3959 exsequitur,
1189 3875 1468 3940 maxime
1510 3872 1689 3937 Jovis
1734 3880 1802 3936 et
1844 3872 2134 3949 ‚Iunonis
2194 3872 2377 3955 cujus
2431 3871 2698 3954 propria
2743 3870 2867 3934 ad-

509 3980 804 4043 ministra
848 3980 1203 4060 posteriore
1249 3986 1538 4062 tempore
1584 3975 1806 4040 eodem
1853 3975 2043 4039 modo
2090 3994 2221 4057 quo
2266 3974 2444 4057 apud
2489 3981 2710 4057 poetas
2754 3972 2867 4057 (cf.

506 4082 550 4147 l.
597 4080 975 4146 Callimachi
1035 4102 1232 4165 supra
1286 4080 1357 4164 l.)
1414 4080 1593 4145 facta
1651 4097 1790 4143 esse
1846 4077 2122 4142 videtur.
2209 4076 2557 4140 Praeterea
2611 4075 2869 4139 duabus

510 4188 575 4248 in
636 4184 1029 4266 imaginibus
1081 4182 1302 4247 florem
1358 4203 1554 4246 manu
1618 4187 1815 4245 tenet.
1905 4179 2114 4245 Aliam
2157 4178 2431 4263 praebet
2475 4183 2699 4242 nostra
2739 4175 2870 4242 dea

509 4288 789 4372 speciem
844 4287 1021 4371 apud
1085 4285 1433 4352 Romanos:
1497 4285 1667 4349 sicut
1727 4284 2076 4365 scriptores
2128 4281 2399 4346 Romani
2453 4279 2615 4345 deae
2673 4279 2870 4344 Iridis

511 4413 655 4456 cum
715 4411 872 4457 arcu
932 4388 1191 4455 caelesti
1256 4389 1639 4470 conjunctae
1692 4392 1992 4451 naturam
2052 4384 2482 4468 protulerunt,
2545 4385 2641 4447 ita
2696 4382 2871 4446 arti-

513 4494 668 4560 fices
723 4513 982 4577 quoque
1025 4492 1298 4557 Romani
1361 4492 1529 4557 hanc
1578 4488 1769 4555 Iridis
1826 4495 2126 4555 naturam
2184 4486 2543 4571 exprimere
2594 4485 2871 4552 studue-
