<?xml version="1.0" encoding="UTF-8"?>
<!DOCTYPE html PUBLIC "-//W3C//DTD XHTML 1.0 Transitional//EN"
    "http://www.w3.org/TR/xhtml1/DTD/xhtml1-transitional.dtd">
<html xmlns="http://www.w3.org/1999/xhtml" xml:lang="en" lang="en">
 <head>
  <title>
</title>
<meta http-equiv="Content-Type" content="text/html;charset=utf-8" />
  <meta name='ocr-system' content='tesseract 3.04.00' />
  <meta name='ocr-capabilities' content='ocr_page ocr_carea ocr_par ocr_line ocrx_word'/>
</head>
<body>
  <div class='ocr_page' id='page_1' title='image "./deiridedeaveter00unkngoog_0013.png"; bbox 0 0 3092 4934; ppageno 0'>
   <div class='ocr_carea' id='block_1_1' title="bbox 1456 316 1529 379">
    <p class='ocr_par' dir='ltr' id='par_1_1' title="bbox 1456 316 1529 379">
     <span class='ocr_line' id='line_1_1' title="bbox 1456 316 1529 379; baseline 0.014 -1"><span class='ocrx_word' id='word_1_1' title='bbox 1456 316 1529 379; x_wconf 92' lang='lat'><strong>11</strong></span> 
     </span>
    </p>
   </div>
   <div class='ocr_carea' id='block_1_2' title="bbox 284 500 2674 4176">
    <p class='ocr_par' dir='ltr' id='par_1_2' title="bbox 284 500 2674 4176">
     <span class='ocr_line' id='line_1_2' title="bbox 284 500 2658 592; baseline -0.001 -26"><span class='ocrx_word' id='word_1_2' title='bbox 284 505 507 592; x_wconf 79' lang='lat' dir='ltr'><strong>&#39;quam</strong></span> <span class='ocrx_word' id='word_1_3' title='bbox 552 501 637 566; x_wconf 88' lang='lat' dir='ltr'><strong>ad</strong></span> <span class='ocrx_word' id='word_1_4' title='bbox 682 522 794 567; x_wconf 91' lang='lat' dir='ltr'><strong>eas</strong></span> <span class='ocrx_word' id='word_1_5' title='bbox 837 503 1015 587; x_wconf 91' lang='lat' dir='ltr'><strong>ipsas</strong></span> <span class='ocrx_word' id='word_1_6' title='bbox 1057 503 1350 585; x_wconf 82' lang='lat' dir='ltr'><strong>picturas</strong></span> <span class='ocrx_word' id='word_1_7' title='bbox 1392 502 1839 585; x_wconf 89' lang='lat' dir='ltr'><strong>procedamus,</strong></span> <span class='ocrx_word' id='word_1_8' title='bbox 1884 521 2015 583; x_wconf 90' lang='lat' dir='ltr'><strong>qua</strong></span> <span class='ocrx_word' id='word_1_9' title='bbox 2043 500 2296 565; x_wconf 88' lang='lat' dir='ltr'><strong>ratione</strong></span> <span class='ocrx_word' id='word_1_10' title='bbox 2326 507 2525 583; x_wconf 90' lang='lat' dir='ltr'><strong>atque</strong></span> <span class='ocrx_word' id='word_1_11' title='bbox 2555 502 2658 565; x_wconf 88' lang='lat' dir='ltr'><strong>via</strong></span> 
     </span>
     <span class='ocr_line' id='line_1_3' title="bbox 312 603 2659 687; baseline 0 -19"><span class='ocrx_word' id='word_1_12' title='bbox 312 604 506 685; x_wconf 87' lang='lat' dir='ltr'><strong>hujus</strong></span> <span class='ocrx_word' id='word_1_13' title='bbox 551 605 806 687; x_wconf 89' lang='lat' dir='ltr'><strong>generis</strong></span> <span class='ocrx_word' id='word_1_14' title='bbox 865 611 1282 672; x_wconf 90' lang='lat' dir='ltr'><strong>monumenta</strong></span> <span class='ocrx_word' id='word_1_15' title='bbox 1334 605 1680 670; x_wconf 89' lang='lat' dir='ltr'><strong>tractanda</strong></span> <span class='ocrx_word' id='word_1_16' title='bbox 1732 623 1873 668; x_wconf 88' lang='lat' dir='ltr'><strong>esse</strong></span> <span class='ocrx_word' id='word_1_17' title='bbox 1927 603 2287 681; x_wconf 87' lang='lat' dir='ltr'><strong>videantur,</strong></span> <span class='ocrx_word' id='word_1_18' title='bbox 2351 603 2659 669; x_wconf 88' lang='lat' dir='ltr'><strong>nonnulla</strong></span> 
     </span>
     <span class='ocr_line' id='line_1_4' title="bbox 313 705 2658 791; baseline 0 -20"><span class='ocrx_word' id='word_1_19' title='bbox 313 707 829 790; x_wconf 73' lang='lat' dir='ltr'><strong>praemittamus,</strong></span> <span class='ocrx_word' id='word_1_20' title='bbox 919 706 1191 791; x_wconf 80' lang='lat' dir='ltr'><strong>Saepius</strong></span> <span class='ocrx_word' id='word_1_21' title='bbox 1220 707 1385 772; x_wconf 93' lang='lat' dir='ltr'><strong>enim</strong></span> <span class='ocrx_word' id='word_1_22' title='bbox 1431 708 1606 772; x_wconf 87' lang='lat' dir='ltr'><strong>haud</strong></span> <span class='ocrx_word' id='word_1_23' title='bbox 1653 705 1843 772; x_wconf 89' lang='lat' dir='ltr'><strong>facile</strong></span> <span class='ocrx_word' id='word_1_24' title='bbox 1887 712 2106 789; x_wconf 87' lang='lat' dir='ltr'><strong>potest</strong></span> <span class='ocrx_word' id='word_1_25' title='bbox 2145 706 2447 788; x_wconf 88' lang='lat' dir='ltr'><strong>judicari,</strong></span> <span class='ocrx_word' id='word_1_26' title='bbox 2493 728 2658 790; x_wconf 89' lang='lat' dir='ltr'><strong>quas</strong></span> 
     </span>
     <span class='ocr_line' id='line_1_5' title="bbox 314 807 2656 900; baseline 0.001 -28"><span class='ocrx_word' id='word_1_27' title='bbox 314 807 571 877; x_wconf 88' lang='lat' dir='ltr'><strong>fabulas</strong></span> <span class='ocrx_word' id='word_1_28' title='bbox 602 817 669 873; x_wconf 87' lang='lat' dir='ltr'><strong>et</strong></span> <span class='ocrx_word' id='word_1_29' title='bbox 698 829 860 900; x_wconf 88' lang='lat' dir='ltr'><strong>quos</strong></span> <span class='ocrx_word' id='word_1_30' title='bbox 892 810 1047 874; x_wconf 91' lang='lat' dir='ltr'><strong>deos</strong></span> <span class='ocrx_word' id='word_1_31' title='bbox 1078 809 1362 875; x_wconf 91' lang='lat' dir='ltr'><strong>artifices</strong></span> <span class='ocrx_word' id='word_1_32' title='bbox 1409 811 1470 873; x_wconf 89' lang='lat' dir='ltr'><strong>in</strong></span> <span class='ocrx_word' id='word_1_33' title='bbox 1515 809 1688 875; x_wconf 85' lang='lat' dir='ltr'><strong>vasis</strong></span> <span class='ocrx_word' id='word_1_34' title='bbox 1731 809 2083 892; x_wconf 81' lang='lat' dir='ltr'><strong>depingere</strong></span> <span class='ocrx_word' id='word_1_35' title='bbox 2126 807 2463 886; x_wconf 86' lang='lat' dir='ltr'><strong>voluerint,</strong></span> <span class='ocrx_word' id='word_1_36' title='bbox 2512 830 2656 874; x_wconf 91' lang='lat' dir='ltr'><strong>cum</strong></span> 
     </span>
     <span class='ocr_line' id='line_1_6' title="bbox 314 909 2657 996; baseline 0.001 -21"><span class='ocrx_word' id='word_1_37' title='bbox 314 909 492 976; x_wconf 86' lang='lat' dir='ltr'><strong>haud</strong></span> <span class='ocrx_word' id='word_1_38' title='bbox 545 933 694 977; x_wconf 91' lang='lat' dir='ltr'><strong>raro</strong></span> <span class='ocrx_word' id='word_1_39' title='bbox 747 911 1111 996; x_wconf 83' lang='lat' dir='ltr'><strong>complures</strong></span> <span class='ocrx_word' id='word_1_40' title='bbox 1156 919 1223 976; x_wconf 91' lang='lat' dir='ltr'><strong>et</strong></span> <span class='ocrx_word' id='word_1_41' title='bbox 1274 912 1367 976; x_wconf 87' lang='lat' dir='ltr'><strong>dii</strong></span> <span class='ocrx_word' id='word_1_42' title='bbox 1423 920 1489 977; x_wconf 92' lang='lat' dir='ltr'><strong>et</strong></span> <span class='ocrx_word' id='word_1_43' title='bbox 1540 912 1704 976; x_wconf 90' lang='lat' dir='ltr'><strong>deae</strong></span> <span class='ocrx_word' id='word_1_44' title='bbox 1770 910 2039 976; x_wconf 88' lang='lat' dir='ltr'><strong>eandem</strong></span> <span class='ocrx_word' id='word_1_45' title='bbox 2105 911 2205 976; x_wconf 86' lang='lat' dir='ltr'><strong>vel</strong></span> <span class='ocrx_word' id='word_1_46' title='bbox 2270 911 2657 978; x_wconf 81' lang='lat' dir='ltr'><strong>simillimam</strong></span> 
     </span>
     <span class='ocr_line' id='line_1_7' title="bbox 312 1013 2658 1099; baseline 0 -20"><span class='ocrx_word' id='word_1_47' title='bbox 312 1015 591 1099; x_wconf 91' lang='lat' dir='ltr'><strong>speciem</strong></span> <span class='ocrx_word' id='word_1_48' title='bbox 637 1035 714 1080; x_wconf 91' lang='lat' dir='ltr'><strong>ac</strong></span> <span class='ocrx_word' id='word_1_49' title='bbox 759 1013 1032 1080; x_wconf 90' lang='lat' dir='ltr'><strong>formam</strong></span> <span class='ocrx_word' id='word_1_50' title='bbox 1074 1036 1233 1097; x_wconf 89' lang='lat' dir='ltr'><strong>prae</strong></span> <span class='ocrx_word' id='word_1_51' title='bbox 1277 1035 1345 1081; x_wconf 91' lang='lat' dir='ltr'><strong>se</strong></span> <span class='ocrx_word' id='word_1_52' title='bbox 1388 1014 1622 1079; x_wconf 88' lang='lat' dir='ltr'><strong>ferant.</strong></span> <span class='ocrx_word' id='word_1_53' title='bbox 1712 1013 1948 1095; x_wconf 89' lang='lat' dir='ltr'><strong>Itaque</strong></span> <span class='ocrx_word' id='word_1_54' title='bbox 1981 1013 2165 1078; x_wconf 90' lang='lat' dir='ltr'><strong>nobis</strong></span> <span class='ocrx_word' id='word_1_55' title='bbox 2193 1035 2452 1097; x_wconf 91' lang='lat' dir='ltr'><strong>quoque</strong></span> <span class='ocrx_word' id='word_1_56' title='bbox 2483 1016 2658 1098; x_wconf 91' lang='lat' dir='ltr'><strong>quod</strong></span> 
     </span>
     <span class='ocr_line' id='line_1_8' title="bbox 314 1116 2660 1201; baseline 0.001 -20"><span class='ocrx_word' id='word_1_57' title='bbox 314 1116 398 1181; x_wconf 89' lang='lat' dir='ltr'><strong>ad</strong></span> <span class='ocrx_word' id='word_1_58' title='bbox 444 1122 729 1181; x_wconf 87' lang='lat' dir='ltr'><strong>nostram</strong></span> <span class='ocrx_word' id='word_1_59' title='bbox 776 1138 911 1182; x_wconf 87' lang='lat' dir='ltr'><strong>rem</strong></span> <span class='ocrx_word' id='word_1_60' title='bbox 953 1120 1254 1201; x_wconf 75' lang='lat' dir='ltr'><strong>pertinet,</strong></span> <span class='ocrx_word' id='word_1_61' title='bbox 1302 1116 1648 1181; x_wconf 83' lang='lat' dir='ltr'><strong>nonnullae</strong></span> <span class='ocrx_word' id='word_1_62' title='bbox 1690 1122 2041 1183; x_wconf 88' lang='lat' dir='ltr'><strong>occurrunt</strong></span> <span class='ocrx_word' id='word_1_63' title='bbox 2084 1117 2148 1179; x_wconf 90' lang='lat' dir='ltr'><strong>in</strong></span> <span class='ocrx_word' id='word_1_64' title='bbox 2193 1136 2488 1181; x_wconf 86' lang='lat' dir='ltr'><strong>vasorum</strong></span> <span class='ocrx_word' id='word_1_65' title='bbox 2522 1119 2660 1201; x_wconf 92' lang='lat' dir='ltr'><strong>pic-</strong></span> 
     </span>
     <span class='ocr_line' id='line_1_9' title="bbox 314 1217 2661 1303; baseline 0 -20"><span class='ocrx_word' id='word_1_66' title='bbox 314 1220 483 1284; x_wconf 90' lang='lat' dir='ltr'><strong>turis</strong></span> <span class='ocrx_word' id='word_1_67' title='bbox 535 1219 695 1284; x_wconf 88' lang='lat' dir='ltr'><strong>deae</strong></span> <span class='ocrx_word' id='word_1_68' title='bbox 755 1241 919 1302; x_wconf 91' lang='lat' dir='ltr'><strong>quas</strong></span> <span class='ocrx_word' id='word_1_69' title='bbox 977 1220 1235 1303; x_wconf 89' lang='lat' dir='ltr'><strong>saepius</strong></span> <span class='ocrx_word' id='word_1_70' title='bbox 1293 1218 1693 1296; x_wconf 88' lang='lat' dir='ltr'><strong>difficillime,</strong></span> <span class='ocrx_word' id='word_1_71' title='bbox 1752 1238 2229 1300; x_wconf 88' lang='lat' dir='ltr'><strong>nonnumquam</strong></span> <span class='ocrx_word' id='word_1_72' title='bbox 2290 1217 2466 1283; x_wconf 89' lang='lat' dir='ltr'><strong>nullo</strong></span> <span class='ocrx_word' id='word_1_73' title='bbox 2525 1218 2661 1284; x_wconf 89' lang='lat' dir='ltr'><strong>fere</strong></span> 
     </span>
     <span class='ocr_line' id='line_1_10' title="bbox 315 1321 2662 1406; baseline 0.001 -20"><span class='ocrx_word' id='word_1_74' title='bbox 315 1321 506 1386; x_wconf 88' lang='lat' dir='ltr'><strong>modo</strong></span> <span class='ocrx_word' id='word_1_75' title='bbox 550 1321 633 1387; x_wconf 90' lang='lat' dir='ltr'><strong>ab</strong></span> <span class='ocrx_word' id='word_1_76' title='bbox 678 1322 851 1386; x_wconf 84' lang='lat' dir='ltr'><strong>Iride</strong></span> <span class='ocrx_word' id='word_1_77' title='bbox 895 1343 1230 1389; x_wconf 83' lang='lat' dir='ltr'><strong>secernere</strong></span> <span class='ocrx_word' id='word_1_78' title='bbox 1274 1343 1635 1406; x_wconf 91' lang='lat' dir='ltr'><strong>possumus.</strong></span> <span class='ocrx_word' id='word_1_79' title='bbox 1726 1321 1817 1388; x_wconf 91' lang='lat' dir='ltr'><strong>Ut</strong></span> <span class='ocrx_word' id='word_1_80' title='bbox 1869 1322 2241 1386; x_wconf 89' lang='lat' dir='ltr'><strong>omittamus</strong></span> <span class='ocrx_word' id='word_1_81' title='bbox 2299 1321 2454 1387; x_wconf 85' lang='lat' dir='ltr'><strong>deas</strong></span> <span class='ocrx_word' id='word_1_82' title='bbox 2512 1344 2662 1388; x_wconf 90' lang='lat' dir='ltr'><strong>raro</strong></span> 
     </span>
     <span class='ocr_line' id='line_1_11' title="bbox 315 1424 2663 1509; baseline 0.002 -22"><span class='ocrx_word' id='word_1_83' title='bbox 315 1425 632 1507; x_wconf 91' lang='lat' dir='ltr'><strong>depictas,</strong></span> <span class='ocrx_word' id='word_1_84' title='bbox 694 1446 858 1507; x_wconf 89' lang='lat' dir='ltr'><strong>quas</strong></span> <span class='ocrx_word' id='word_1_85' title='bbox 904 1433 979 1491; x_wconf 89' lang='lat' dir='ltr'><strong>ut</strong></span> <span class='ocrx_word' id='word_1_86' title='bbox 1022 1425 1104 1490; x_wconf 93' lang='lat' dir='ltr'><strong>ad</strong></span> <span class='ocrx_word' id='word_1_87' title='bbox 1153 1426 1319 1491; x_wconf 90' lang='lat' dir='ltr'><strong>hanc</strong></span> <span class='ocrx_word' id='word_1_88' title='bbox 1349 1426 1558 1509; x_wconf 87' lang='lat' dir='ltr'><strong>ipsam</strong></span> <span class='ocrx_word' id='word_1_89' title='bbox 1603 1425 2047 1508; x_wconf 88' lang='lat' dir='ltr'><strong>quaestionem</strong></span> <span class='ocrx_word' id='word_1_90' title='bbox 2103 1424 2315 1489; x_wconf 88' lang='lat' dir='ltr'><strong>minus</strong></span> <span class='ocrx_word' id='word_1_91' title='bbox 2373 1426 2663 1492; x_wconf 88' lang='lat' dir='ltr'><strong>valentes</strong></span> 
     </span>
     <span class='ocr_line' id='line_1_12' title="bbox 315 1526 2664 1611; baseline 0.002 -20"><span class='ocrx_word' id='word_1_92' title='bbox 315 1547 433 1592; x_wconf 92' lang='lat' dir='ltr'><strong>suo</strong></span> <span class='ocrx_word' id='word_1_93' title='bbox 479 1548 803 1611; x_wconf 91' lang='lat' dir='ltr'><strong>quamque</strong></span> <span class='ocrx_word' id='word_1_94' title='bbox 845 1527 987 1594; x_wconf 92' lang='lat' dir='ltr'><strong>loco</strong></span> <span class='ocrx_word' id='word_1_95' title='bbox 1032 1528 1477 1605; x_wconf 78' lang='lat' dir='ltr'><strong>tractabimuS,</strong></span> <span class='ocrx_word' id='word_1_96' title='bbox 1523 1528 1720 1593; x_wconf 85' lang='lat' dir='ltr'><strong>verba</strong></span> <span class='ocrx_word' id='word_1_97' title='bbox 1763 1526 2076 1592; x_wconf 88' lang='lat' dir='ltr'><strong>faciamus</strong></span> <span class='ocrx_word' id='word_1_98' title='bbox 2121 1527 2430 1593; x_wconf 88' lang='lat' dir='ltr'><strong>nonnulla</strong></span> <span class='ocrx_word' id='word_1_99' title='bbox 2473 1530 2555 1593; x_wconf 93' lang='lat' dir='ltr'><strong>de</strong></span> <span class='ocrx_word' id='word_1_100' title='bbox 2586 1551 2664 1595; x_wconf 88' lang='lat' dir='ltr'><strong>ea</strong></span> 
     </span>
     <span class='ocr_line' id='line_1_13' title="bbox 318 1628 2666 1714; baseline 0.002 -20"><span class='ocrx_word' id='word_1_101' title='bbox 318 1630 457 1704; x_wconf 83' lang='lat' dir='ltr'><strong>dea,</strong></span> <span class='ocrx_word' id='word_1_102' title='bbox 526 1651 695 1713; x_wconf 90' lang='lat' dir='ltr'><strong>quae</strong></span> <span class='ocrx_word' id='word_1_103' title='bbox 756 1631 962 1697; x_wconf 92' lang='lat' dir='ltr'><strong>multo</strong></span> <span class='ocrx_word' id='word_1_104' title='bbox 1018 1631 1278 1714; x_wconf 90' lang='lat' dir='ltr'><strong>saepius</strong></span> <span class='ocrx_word' id='word_1_105' title='bbox 1335 1653 1530 1714; x_wconf 89' lang='lat' dir='ltr'><strong>quam</strong></span> <span class='ocrx_word' id='word_1_106' title='bbox 1586 1631 1706 1696; x_wconf 89' lang='lat' dir='ltr'><strong>Iris</strong></span> <span class='ocrx_word' id='word_1_107' title='bbox 1759 1631 1902 1713; x_wconf 89' lang='lat' dir='ltr'><strong>ipsa</strong></span> <span class='ocrx_word' id='word_1_108' title='bbox 1952 1629 2036 1694; x_wconf 92' lang='lat' dir='ltr'><strong>ab</strong></span> <span class='ocrx_word' id='word_1_109' title='bbox 2094 1628 2453 1695; x_wconf 87' lang='lat' dir='ltr'><strong>artificibus</strong></span> <span class='ocrx_word' id='word_1_110' title='bbox 2510 1631 2666 1698; x_wconf 91' lang='lat' dir='ltr'><strong>ficta</strong></span> 
     </span>
     <span class='ocr_line' id='line_1_14' title="bbox 317 1732 2661 1816; baseline 0.001 -21"><span class='ocrx_word' id='word_1_111' title='bbox 317 1754 798 1816; x_wconf 88' lang='lat' dir='ltr'><strong>nonnumquam</strong></span> <span class='ocrx_word' id='word_1_112' title='bbox 831 1733 1100 1798; x_wconf 90' lang='lat' dir='ltr'><strong>eandem</strong></span> <span class='ocrx_word' id='word_1_113' title='bbox 1132 1741 1331 1816; x_wconf 86' lang='lat' dir='ltr'><strong>atque</strong></span> <span class='ocrx_word' id='word_1_114' title='bbox 1362 1733 1831 1800; x_wconf 72' lang='lat' dir='ltr'><strong>Thaumantias</strong></span> <span class='ocrx_word' id='word_1_115' title='bbox 1858 1732 2070 1798; x_wconf 90' lang='lat' dir='ltr'><strong>induit</strong></span> <span class='ocrx_word' id='word_1_116' title='bbox 2098 1733 2396 1816; x_wconf 89' lang='lat' dir='ltr'><strong>speciem.</strong></span> <span class='ocrx_word' id='word_1_117' title='bbox 2470 1734 2661 1800; x_wconf 86' lang='lat' dir='ltr'><strong>Haud</strong></span> 
     </span>
     <span class='ocr_line' id='line_1_15' title="bbox 318 1834 2666 1919; baseline 0.001 -21"><span class='ocrx_word' id='word_1_118' title='bbox 318 1856 469 1899; x_wconf 88' lang='lat' dir='ltr'><strong>raro</strong></span> <span class='ocrx_word' id='word_1_119' title='bbox 502 1837 667 1899; x_wconf 90' lang='lat' dir='ltr'><strong>enim</strong></span> <span class='ocrx_word' id='word_1_120' title='bbox 694 1835 1048 1901; x_wconf 89' lang='lat' dir='ltr'><strong>Victoriam</strong></span> <span class='ocrx_word' id='word_1_121' title='bbox 1080 1836 1366 1901; x_wconf 87' lang='lat' dir='ltr'><strong>videmus</strong></span> <span class='ocrx_word' id='word_1_122' title='bbox 1398 1837 1648 1919; x_wconf 90' lang='lat' dir='ltr'><strong>magnis</strong></span> <span class='ocrx_word' id='word_1_123' title='bbox 1678 1834 1801 1901; x_wconf 90' lang='lat' dir='ltr'><strong>alis</strong></span> <span class='ocrx_word' id='word_1_124' title='bbox 1832 1840 1898 1899; x_wconf 91' lang='lat' dir='ltr'><strong>et</strong></span> <span class='ocrx_word' id='word_1_125' title='bbox 1928 1834 2211 1899; x_wconf 86' lang='lat' dir='ltr'><strong>caduceo</strong></span> <span class='ocrx_word' id='word_1_126' title='bbox 2256 1836 2666 1913; x_wconf 85' lang='lat' dir='ltr'><strong>instructam,</strong></span> 
     </span>
     <span class='ocr_line' id='line_1_16' title="bbox 319 1937 2665 2023; baseline 0.001 -21"><span class='ocrx_word' id='word_1_127' title='bbox 319 1958 486 2020; x_wconf 88' lang='lat' dir='ltr'><strong>quas</strong></span> <span class='ocrx_word' id='word_1_128' title='bbox 530 1959 634 2003; x_wconf 89' lang='lat' dir='ltr'><strong>res</strong></span> <span class='ocrx_word' id='word_1_129' title='bbox 677 1939 943 2022; x_wconf 88' lang='lat' dir='ltr'><strong>propria</strong></span> <span class='ocrx_word' id='word_1_130' title='bbox 985 1939 1176 2004; x_wconf 91' lang='lat' dir='ltr'><strong>Iridis</strong></span> <span class='ocrx_word' id='word_1_131' title='bbox 1222 1937 1556 2023; x_wconf 87' lang='lat' dir='ltr'><strong>postulare</strong></span> <span class='ocrx_word' id='word_1_132' title='bbox 1602 1938 1906 2003; x_wconf 90' lang='lat' dir='ltr'><strong>debemus</strong></span> <span class='ocrx_word' id='word_1_133' title='bbox 1951 1937 2247 2019; x_wconf 86' lang='lat' dir='ltr'><strong>insignia,</strong></span> <span class='ocrx_word' id='word_1_134' title='bbox 2308 1939 2360 2002; x_wconf 94' lang='lat' dir='ltr'><strong>si</strong></span> <span class='ocrx_word' id='word_1_135' title='bbox 2408 1941 2665 2005; x_wconf 86' lang='lat' dir='ltr'><strong>omnino</strong></span> 
     </span>
     <span class='ocr_line' id='line_1_17' title="bbox 320 2038 2663 2123; baseline 0 -19"><span class='ocrx_word' id='word_1_136' title='bbox 320 2041 516 2104; x_wconf 88' lang='lat' dir='ltr'><strong>certis</strong></span> <span class='ocrx_word' id='word_1_137' title='bbox 560 2041 732 2106; x_wconf 88' lang='lat' dir='ltr'><strong>notis</strong></span> <span class='ocrx_word' id='word_1_138' title='bbox 776 2041 947 2107; x_wconf 87' lang='lat' dir='ltr'><strong>hanc</strong></span> <span class='ocrx_word' id='word_1_139' title='bbox 991 2041 1177 2107; x_wconf 91' lang='lat' dir='ltr'><strong>deam</strong></span> <span class='ocrx_word' id='word_1_140' title='bbox 1222 2040 1653 2123; x_wconf 88' lang='lat' dir='ltr'><strong>significatam</strong></span> <span class='ocrx_word' id='word_1_141' title='bbox 1700 2060 1839 2105; x_wconf 91' lang='lat' dir='ltr'><strong>esse</strong></span> <span class='ocrx_word' id='word_1_142' title='bbox 1885 2038 2195 2117; x_wconf 84' lang='lat' dir='ltr'><strong>volumus,</strong></span> <span class='ocrx_word' id='word_1_143' title='bbox 2246 2040 2512 2105; x_wconf 92' lang='lat' dir='ltr'><strong>deorum</strong></span> <span class='ocrx_word' id='word_1_144' title='bbox 2544 2042 2663 2105; x_wconf 90' lang='lat' dir='ltr'><strong>mi-</strong></span> 
     </span>
     <span class='ocr_line' id='line_1_18' title="bbox 320 2141 2663 2227; baseline 0.001 -21"><span class='ocrx_word' id='word_1_145' title='bbox 320 2142 567 2208; x_wconf 88' lang='lat' dir='ltr'><strong>nistrae</strong></span> <span class='ocrx_word' id='word_1_146' title='bbox 644 2145 1040 2226; x_wconf 88' lang='lat' dir='ltr'><strong>nuntiaeque</strong></span> <span class='ocrx_word' id='word_1_147' title='bbox 1111 2164 1378 2208; x_wconf 89' lang='lat' dir='ltr'><strong>munere</strong></span> <span class='ocrx_word' id='word_1_148' title='bbox 1452 2145 1515 2208; x_wconf 92' lang='lat' dir='ltr'><strong>in</strong></span> <span class='ocrx_word' id='word_1_149' title='bbox 1592 2144 1761 2209; x_wconf 86' lang='lat' dir='ltr'><strong>vasis</strong></span> <span class='ocrx_word' id='word_1_150' title='bbox 1834 2142 2032 2225; x_wconf 82' lang='lat' dir='ltr'><strong>iungi.</strong></span> <span class='ocrx_word' id='word_1_151' title='bbox 2138 2141 2385 2220; x_wconf 83' lang='lat' dir='ltr'><strong>Quibus</strong></span> <span class='ocrx_word' id='word_1_152' title='bbox 2464 2145 2663 2227; x_wconf 90' lang='lat' dir='ltr'><strong>insig-</strong></span> 
     </span>
     <span class='ocr_line' id='line_1_19' title="bbox 321 2244 2665 2329; baseline 0.001 -20"><span class='ocrx_word' id='word_1_153' title='bbox 321 2244 515 2309; x_wconf 89' lang='lat' dir='ltr'><strong>nibus</strong></span> <span class='ocrx_word' id='word_1_154' title='bbox 558 2244 860 2328; x_wconf 89' lang='lat' dir='ltr'><strong>pracdita</strong></span> <span class='ocrx_word' id='word_1_155' title='bbox 907 2246 1194 2311; x_wconf 91' lang='lat' dir='ltr'><strong>Victoria</strong></span> <span class='ocrx_word' id='word_1_156' title='bbox 1240 2247 1492 2312; x_wconf 90' lang='lat' dir='ltr'><strong>nomine</strong></span> <span class='ocrx_word' id='word_1_157' title='bbox 1536 2245 1870 2329; x_wconf 90' lang='lat' dir='ltr'><strong>adscripto</strong></span> <span class='ocrx_word' id='word_1_158' title='bbox 1914 2246 1978 2308; x_wconf 89' lang='lat' dir='ltr'><strong>in</strong></span> <span class='ocrx_word' id='word_1_159' title='bbox 2023 2245 2285 2327; x_wconf 80' lang='lat' dir='ltr'><strong>pictura</strong></span> <span class='ocrx_word' id='word_1_160' title='bbox 2340 2246 2665 2312; x_wconf 88' lang='lat' dir='ltr'><strong>invenitur</strong></span> 
     </span>
     <span class='ocr_line' id='line_1_20' title="bbox 323 2346 2663 2432; baseline 0.002 -23"><span class='ocrx_word' id='word_1_161' title='bbox 323 2348 419 2413; x_wconf 92' lang='lat' dir='ltr'><strong>ita</strong></span> <span class='ocrx_word' id='word_1_162' title='bbox 465 2347 727 2431; x_wconf 91' lang='lat' dir='ltr'><strong>depicta</strong></span> <span class='ocrx_word' id='word_1_163' title='bbox 770 2356 847 2413; x_wconf 89' lang='lat' dir='ltr'><strong>ut</strong></span> <span class='ocrx_word' id='word_1_164' title='bbox 892 2349 1027 2413; x_wconf 88' lang='lat' dir='ltr'><strong>viro</strong></span> <span class='ocrx_word' id='word_1_165' title='bbox 1073 2349 1184 2430; x_wconf 90' lang='lat' dir='ltr'><strong>qui</strong></span> <span class='ocrx_word' id='word_1_166' title='bbox 1232 2348 1437 2414; x_wconf 88' lang='lat' dir='ltr'><strong>victor</strong></span> <span class='ocrx_word' id='word_1_167' title='bbox 1484 2370 1518 2412; x_wconf 90' lang='lat' dir='ltr'><strong>e</strong></span> <span class='ocrx_word' id='word_1_168' title='bbox 1564 2346 1733 2413; x_wconf 90' lang='lat' dir='ltr'><strong>bello</strong></span> <span class='ocrx_word' id='word_1_169' title='bbox 1776 2347 2046 2412; x_wconf 89' lang='lat' dir='ltr'><strong>rediisse</strong></span> <span class='ocrx_word' id='word_1_170' title='bbox 2080 2347 2334 2412; x_wconf 87' lang='lat' dir='ltr'><strong>videtur</strong></span> <span class='ocrx_word' id='word_1_171' title='bbox 2361 2348 2663 2432; x_wconf 89' lang='lat' dir='ltr'><strong>poculum</strong></span> 
     </span>
     <span class='ocr_line' id='line_1_21' title="bbox 325 2450 2664 2535; baseline 0.002 -21"><span class='ocrx_word' id='word_1_172' title='bbox 325 2450 736 2516; x_wconf 83' lang='lat' dir='ltr'><strong>administret</strong></span> <span class='ocrx_word' id='word_1_173' title='bbox 758 2455 826 2534; x_wconf 84' lang='lat'><strong>¹).</strong></span> <span class='ocrx_word' id='word_1_174' title='bbox 908 2451 1090 2529; x_wconf 88' lang='lat' dir='ltr'><strong>Quod</strong></span> <span class='ocrx_word' id='word_1_175' title='bbox 1117 2450 1443 2517; x_wconf 88' lang='lat' dir='ltr'><strong>Victoriae</strong></span> <span class='ocrx_word' id='word_1_176' title='bbox 1474 2470 1704 2516; x_wconf 89' lang='lat' dir='ltr'><strong>munus</strong></span> <span class='ocrx_word' id='word_1_177' title='bbox 1732 2451 1828 2516; x_wconf 89' lang='lat' dir='ltr'><strong>ita</strong></span> <span class='ocrx_word' id='word_1_178' title='bbox 1853 2451 2272 2534; x_wconf 88' lang='lat' dir='ltr'><strong>interpretari</strong></span> <span class='ocrx_word' id='word_1_179' title='bbox 2305 2471 2664 2535; x_wconf 82' lang='lat' dir='ltr'><strong>possumus,</strong></span> 
     </span>
     <span class='ocr_line' id='line_1_22' title="bbox 323 2553 2668 2638; baseline 0.001 -22"><span class='ocrx_word' id='word_1_180' title='bbox 323 2559 400 2616; x_wconf 90' lang='lat' dir='ltr'><strong>ut</strong></span> <span class='ocrx_word' id='word_1_181' title='bbox 455 2554 770 2636; x_wconf 90' lang='lat' dir='ltr'><strong>pictorem</strong></span> <span class='ocrx_word' id='word_1_182' title='bbox 826 2554 952 2619; x_wconf 89' lang='lat' dir='ltr'><strong>hoc</strong></span> <span class='ocrx_word' id='word_1_183' title='bbox 1004 2555 1237 2638; x_wconf 91' lang='lat' dir='ltr'><strong>poculo</strong></span> <span class='ocrx_word' id='word_1_184' title='bbox 1292 2554 1651 2638; x_wconf 90' lang='lat' dir='ltr'><strong>praemium</strong></span> <span class='ocrx_word' id='word_1_185' title='bbox 1710 2553 1969 2619; x_wconf 86' lang='lat' dir='ltr'><strong>victoris</strong></span> <span class='ocrx_word' id='word_1_186' title='bbox 2023 2553 2333 2618; x_wconf 86' lang='lat' dir='ltr'><strong>denotare</strong></span> <span class='ocrx_word' id='word_1_187' title='bbox 2394 2554 2668 2620; x_wconf 85' lang='lat' dir='ltr'><strong>voluisse</strong></span> 
     </span>
     <span class='ocr_line' id='line_1_23' title="bbox 323 2656 2668 2741; baseline 0.001 -22"><span class='ocrx_word' id='word_1_188' title='bbox 323 2676 656 2739; x_wconf 86' lang='lat' dir='ltr'><strong>ponamus.</strong></span> <span class='ocrx_word' id='word_1_189' title='bbox 743 2656 987 2721; x_wconf 85' lang='lat' dir='ltr'><strong>Eadem</strong></span> <span class='ocrx_word' id='word_1_190' title='bbox 1050 2657 1583 2741; x_wconf 87' lang='lat' dir='ltr'><strong>interpretatione</strong></span> <span class='ocrx_word' id='word_1_191' title='bbox 1644 2656 1739 2721; x_wconf 91' lang='lat' dir='ltr'><strong>uti</strong></span> <span class='ocrx_word' id='word_1_192' title='bbox 1807 2675 2147 2740; x_wconf 90' lang='lat' dir='ltr'><strong>possumus</strong></span> <span class='ocrx_word' id='word_1_193' title='bbox 2213 2657 2280 2719; x_wconf 89' lang='lat' dir='ltr'><strong>in</strong></span> <span class='ocrx_word' id='word_1_194' title='bbox 2343 2657 2668 2722; x_wconf 90' lang='lat' dir='ltr'><strong>nonnullis</strong></span> 
     </span>
     <span class='ocr_line' id='line_1_24' title="bbox 321 2757 2666 2844; baseline 0.001 -21"><span class='ocrx_word' id='word_1_195' title='bbox 321 2758 467 2823; x_wconf 90' lang='lat' dir='ltr'><strong>aliis</strong></span> <span class='ocrx_word' id='word_1_196' title='bbox 511 2760 787 2843; x_wconf 88' lang='lat' dir='ltr'><strong>picturis</strong></span> <span class='ocrx_word' id='word_1_197' title='bbox 832 2759 1270 2844; x_wconf 82' lang='lat' dir='ltr'><strong>explanandis.</strong></span> <span class='ocrx_word' id='word_1_198' title='bbox 1356 2758 1601 2824; x_wconf 87' lang='lat' dir='ltr'><strong>Eodem</strong></span> <span class='ocrx_word' id='word_1_199' title='bbox 1657 2758 1825 2822; x_wconf 89' lang='lat' dir='ltr'><strong>enim</strong></span> <span class='ocrx_word' id='word_1_200' title='bbox 1871 2760 2058 2823; x_wconf 90' lang='lat' dir='ltr'><strong>modo</strong></span> <span class='ocrx_word' id='word_1_201' title='bbox 2105 2757 2226 2823; x_wconf 90' lang='lat' dir='ltr'><strong>alis</strong></span> <span class='ocrx_word' id='word_1_202' title='bbox 2272 2765 2339 2823; x_wconf 90' lang='lat' dir='ltr'><strong>et</strong></span> <span class='ocrx_word' id='word_1_203' title='bbox 2382 2759 2666 2826; x_wconf 89' lang='lat' dir='ltr'><strong>caduceo</strong></span> 
     </span>
     <span class='ocr_line' id='line_1_25' title="bbox 320 2860 2670 2946; baseline 0.002 -22"><span class='ocrx_word' id='word_1_204' title='bbox 320 2860 622 2944; x_wconf 88' lang='lat' dir='ltr'><strong>praedita</strong></span> <span class='ocrx_word' id='word_1_205' title='bbox 646 2862 934 2927; x_wconf 88' lang='lat' dir='ltr'><strong>Victoria</strong></span> <span class='ocrx_word' id='word_1_206' title='bbox 979 2864 1326 2946; x_wconf 88' lang='lat' dir='ltr'><strong>pincernae</strong></span> <span class='ocrx_word' id='word_1_207' title='bbox 1369 2881 1603 2927; x_wconf 90' lang='lat' dir='ltr'><strong>munus</strong></span> <span class='ocrx_word' id='word_1_208' title='bbox 1647 2860 1786 2925; x_wconf 92' lang='lat' dir='ltr'><strong>obit</strong></span> <span class='ocrx_word' id='word_1_209' title='bbox 1828 2860 1896 2925; x_wconf 89' lang='lat' dir='ltr'><strong>in</strong></span> <span class='ocrx_word' id='word_1_210' title='bbox 1926 2861 2185 2944; x_wconf 90' lang='lat' dir='ltr'><strong>pictura</strong></span> <span class='ocrx_word' id='word_1_211' title='bbox 2211 2883 2378 2944; x_wconf 90' lang='lat' dir='ltr'><strong>quae</strong></span> <span class='ocrx_word' id='word_1_212' title='bbox 2409 2862 2670 2929; x_wconf 87' lang='lat' dir='ltr'><strong>reddita</strong></span> 
     </span>
     <span class='ocr_line' id='line_1_26' title="bbox 320 2964 2667 3049; baseline 0 -19"><span class='ocrx_word' id='word_1_213' title='bbox 320 2973 423 3030; x_wconf 92' lang='lat' dir='ltr'><strong>est</strong></span> <span class='ocrx_word' id='word_1_214' title='bbox 467 2966 641 3049; x_wconf 89' lang='lat' dir='ltr'><strong>apud</strong></span> <span class='ocrx_word' id='word_1_215' title='bbox 689 2966 961 3048; x_wconf 77' lang='lat' dir='ltr'><strong>LuyneS‚</strong></span> <span class='ocrx_word' id='word_1_216' title='bbox 1017 2966 1238 3043; x_wconf 89' lang='lat' dir='ltr'><strong>Vases‚</strong></span> <span class='ocrx_word' id='word_1_217' title='bbox 1298 2964 1385 3048; x_wconf 92' lang='lat' dir='ltr'><strong>pl.</strong></span> <span class='ocrx_word' id='word_1_218' title='bbox 1431 2964 1533 3028; x_wconf 82' lang='lat'><strong>26.</strong></span> <span class='ocrx_word' id='word_1_219' title='bbox 1622 2964 2027 3046; x_wconf 85' lang='lat' dir='ltr'><strong>Quamquam</strong></span> <span class='ocrx_word' id='word_1_220' title='bbox 2084 2964 2251 3028; x_wconf 87' lang='lat' dir='ltr'><strong>enim</strong></span> <span class='ocrx_word' id='word_1_221' title='bbox 2308 2965 2667 3048; x_wconf 86' lang='lat' dir='ltr'><strong>insignibus</strong></span> 
     </span>
     <span class='ocr_line' id='line_1_27' title="bbox 321 3065 2663 3147; baseline 0.001 -17"><span class='ocrx_word' id='word_1_222' title='bbox 321 3065 453 3133; x_wconf 88' lang='lat' dir='ltr'><strong>illis</strong></span> <span class='ocrx_word' id='word_1_223' title='bbox 498 3068 797 3132; x_wconf 90' lang='lat' dir='ltr'><strong>commoti</strong></span> <span class='ocrx_word' id='word_1_224' title='bbox 845 3066 918 3131; x_wconf 92' lang='grc' dir='ltr'><strong>Ο.</strong></span> <span class='ocrx_word' id='word_1_225' title='bbox 949 3066 1182 3132; x_wconf 83' lang='lat' dir='ltr'><strong>Miiller</strong></span> <span class='ocrx_word' id='word_1_226' title='bbox 1226 3068 1397 3132; x_wconf 90' lang='lat' dir='ltr'><strong>hanc</strong></span> <span class='ocrx_word' id='word_1_227' title='bbox 1439 3067 1629 3132; x_wconf 88' lang='lat' dir='ltr'><strong>deam</strong></span> <span class='ocrx_word' id='word_1_228' title='bbox 1675 3065 1850 3131; x_wconf 91' lang='lat' dir='ltr'><strong>Irida</strong></span> <span class='ocrx_word' id='word_1_229' title='bbox 1881 3074 1947 3131; x_wconf 90' lang='lat' dir='ltr'><strong>et</strong></span> <span class='ocrx_word' id='word_1_230' title='bbox 1979 3066 2143 3145; x_wconf 89' lang='lat' dir='ltr'><strong>Hirt,</strong></span> <span class='ocrx_word' id='word_1_231' title='bbox 2192 3066 2586 3132; x_wconf 91' lang='lat' dir='ltr'><strong>Bilderbuch</strong></span> <span class='ocrx_word' id='word_1_232' title='bbox 2612 3068 2663 3147; x_wconf 92' lang='lat' dir='ltr'><strong>I,</strong></span> 
     </span>
     <span class='ocr_line' id='line_1_28' title="bbox 321 3168 2669 3256; baseline 0.001 -22"><span class='ocrx_word' id='word_1_233' title='bbox 321 3191 386 3252; x_wconf 90' lang='lat' dir='ltr'><strong>p.</strong></span> <span class='ocrx_word' id='word_1_234' title='bbox 430 3171 532 3248; x_wconf 87' lang='lat'><strong>93,</strong></span> <span class='ocrx_word' id='word_1_235' title='bbox 580 3170 713 3235; x_wconf 89' lang='lat' dir='ltr'><strong>tab.</strong></span> <span class='ocrx_word' id='word_1_236' title='bbox 756 3170 897 3248; x_wconf 90' lang='lat' dir='ltr'><strong>XII,</strong></span> <span class='ocrx_word' id='word_1_237' title='bbox 944 3172 1058 3256; x_wconf 75' lang='lat'><strong>22)</strong></span> <span class='ocrx_word' id='word_1_238' title='bbox 1106 3170 1328 3235; x_wconf 86' lang='lat' dir='ltr'><strong>Heben</strong></span> <span class='ocrx_word' id='word_1_239' title='bbox 1373 3169 1697 3247; x_wconf 85' lang='lat' dir='ltr'><strong>dixerunt,</strong></span> <span class='ocrx_word' id='word_1_240' title='bbox 1745 3178 1960 3236; x_wconf 89' lang='lat' dir='ltr'><strong>tamen</strong></span> <span class='ocrx_word' id='word_1_241' title='bbox 2010 3169 2085 3235; x_wconf 93' lang='grc' dir='ltr'><strong>Ο.</strong></span> <span class='ocrx_word' id='word_1_242' title='bbox 2113 3168 2305 3248; x_wconf 83' lang='lat' dir='ltr'><strong>Jahn,</strong></span> <span class='ocrx_word' id='word_1_243' title='bbox 2350 3169 2669 3256; x_wconf 88' lang='lat' dir='ltr'><strong>Telephos</strong></span> 
     </span>
     <span class='ocr_line' id='line_1_29' title="bbox 324 3271 2669 3357; baseline 0.001 -22"><span class='ocrx_word' id='word_1_244' title='bbox 324 3271 458 3336; x_wconf 92' lang='lat' dir='ltr'><strong>und</strong></span> <span class='ocrx_word' id='word_1_245' title='bbox 502 3271 757 3338; x_wconf 88' lang='lat' dir='ltr'><strong>Troilus</strong></span> <span class='ocrx_word' id='word_1_246' title='bbox 801 3296 863 3356; x_wconf 91' lang='lat' dir='ltr'><strong>p.</strong></span> <span class='ocrx_word' id='word_1_247' title='bbox 910 3275 991 3338; x_wconf 84' lang='lat'><strong>79</strong></span> <span class='ocrx_word' id='word_1_248' title='bbox 1050 3280 1230 3338; x_wconf 90' lang='lat' dir='ltr'><strong>recta</strong></span> <span class='ocrx_word' id='word_1_249' title='bbox 1289 3273 1426 3337; x_wconf 90' lang='lat' dir='ltr'><strong>sine</strong></span> <span class='ocrx_word' id='word_1_250' title='bbox 1485 3271 1680 3337; x_wconf 90' lang='lat' dir='ltr'><strong>dubio</strong></span> <span class='ocrx_word' id='word_1_251' title='bbox 1735 3273 2270 3357; x_wconf 87' lang='lat' dir='ltr'><strong>interpretatione</strong></span> <span class='ocrx_word' id='word_1_252' title='bbox 2313 3271 2669 3339; x_wconf 89' lang='lat' dir='ltr'><strong>Victoriam</strong></span> 
     </span>
     <span class='ocr_line' id='line_1_30' title="bbox 324 3373 2670 3460; baseline 0.001 -22"><span class='ocrx_word' id='word_1_253' title='bbox 324 3393 463 3439; x_wconf 87' lang='lat' dir='ltr'><strong>esse</strong></span> <span class='ocrx_word' id='word_1_254' title='bbox 517 3373 694 3439; x_wconf 91' lang='lat' dir='ltr'><strong>illam</strong></span> <span class='ocrx_word' id='word_1_255' title='bbox 739 3375 927 3440; x_wconf 90' lang='lat' dir='ltr'><strong>deam</strong></span> <span class='ocrx_word' id='word_1_256' title='bbox 973 3375 1291 3460; x_wconf 82' lang='lat' dir='ltr'><strong>exposuit.</strong></span> <span class='ocrx_word' id='word_1_257' title='bbox 1377 3374 1628 3439; x_wconf 90' lang='lat' dir='ltr'><strong>Deinde</strong></span> <span class='ocrx_word' id='word_1_258' title='bbox 1677 3373 1963 3442; x_wconf 89' lang='lat' dir='ltr'><strong>Victoria</strong></span> <span class='ocrx_word' id='word_1_259' title='bbox 2016 3376 2240 3440; x_wconf 91' lang='lat' dir='ltr'><strong>eadem</strong></span> <span class='ocrx_word' id='word_1_260' title='bbox 2301 3373 2510 3441; x_wconf 88' lang='lat' dir='ltr'><strong>forma</strong></span> <span class='ocrx_word' id='word_1_261' title='bbox 2567 3376 2670 3440; x_wconf 90' lang='lat' dir='ltr'><strong>in—</strong></span> 
     </span>
     <span class='ocr_line' id='line_1_31' title="bbox 325 3475 2671 3563; baseline 0.002 -23"><span class='ocrx_word' id='word_1_262' title='bbox 325 3478 580 3541; x_wconf 87' lang='lat' dir='ltr'><strong>venitur</strong></span> <span class='ocrx_word' id='word_1_263' title='bbox 623 3478 689 3541; x_wconf 91' lang='lat' dir='ltr'><strong>in</strong></span> <span class='ocrx_word' id='word_1_264' title='bbox 736 3479 1034 3563; x_wconf 85' lang='lat' dir='ltr'><strong>imagine,</strong></span> <span class='ocrx_word' id='word_1_265' title='bbox 1089 3500 1223 3562; x_wconf 91' lang='lat' dir='ltr'><strong>qua</strong></span> <span class='ocrx_word' id='word_1_266' title='bbox 1277 3477 1544 3543; x_wconf 91' lang='lat' dir='ltr'><strong>deorum</strong></span> <span class='ocrx_word' id='word_1_267' title='bbox 1590 3479 1654 3542; x_wconf 91' lang='lat' dir='ltr'><strong>in</strong></span> <span class='ocrx_word' id='word_1_268' title='bbox 1706 3477 1978 3562; x_wconf 81' lang='lat' dir='ltr'><strong>Olympo</strong></span> <span class='ocrx_word' id='word_1_269' title='bbox 2035 3475 2377 3543; x_wconf 91' lang='lat' dir='ltr'><strong>concilium</strong></span> <span class='ocrx_word' id='word_1_270' title='bbox 2433 3478 2671 3544; x_wconf 84' lang='lat' dir='ltr'><strong>artifex</strong></span> 
     </span>
     <span class='ocr_line' id='line_1_32' title="bbox 323 3579 2671 3664; baseline 0.002 -20"><span class='ocrx_word' id='word_1_271' title='bbox 323 3579 638 3663; x_wconf 86' lang='lat' dir='ltr'><strong>depinxit.</strong></span> <span class='ocrx_word' id='word_1_272' title='bbox 728 3580 866 3646; x_wconf 90' lang='lat' dir='ltr'><strong>Dea</strong></span> <span class='ocrx_word' id='word_1_273' title='bbox 909 3581 1031 3647; x_wconf 88' lang='lat' dir='ltr'><strong>alis</strong></span> <span class='ocrx_word' id='word_1_274' title='bbox 1075 3587 1142 3645; x_wconf 89' lang='lat' dir='ltr'><strong>et</strong></span> <span class='ocrx_word' id='word_1_275' title='bbox 1186 3580 1472 3647; x_wconf 90' lang='lat' dir='ltr'><strong>caduceo</strong></span> <span class='ocrx_word' id='word_1_276' title='bbox 1515 3582 1843 3646; x_wconf 89' lang='lat' dir='ltr'><strong>instructa</strong></span> <span class='ocrx_word' id='word_1_277' title='bbox 1884 3581 2056 3644; x_wconf 91' lang='lat' dir='ltr'><strong>idem</strong></span> <span class='ocrx_word' id='word_1_278' title='bbox 2101 3579 2280 3646; x_wconf 82' lang='lat' dir='ltr'><strong>Jovis</strong></span> <span class='ocrx_word' id='word_1_279' title='bbox 2324 3581 2671 3664; x_wconf 89' lang='lat' dir='ltr'><strong>pincernae</strong></span> 
     </span>
     <span class='ocr_line' id='line_1_33' title="bbox 324 3681 2673 3768; baseline 0.002 -23"><span class='ocrx_word' id='word_1_280' title='bbox 324 3702 558 3747; x_wconf 87' lang='lat' dir='ltr'><strong>munus</strong></span> <span class='ocrx_word' id='word_1_281' title='bbox 602 3685 888 3767; x_wconf 91' lang='lat' dir='ltr'><strong>suscepit</strong></span> <span class='ocrx_word' id='word_1_282' title='bbox 907 3688 979 3762; x_wconf 77' lang='lat'><strong>⁸).</strong></span> <span class='ocrx_word' id='word_1_283' title='bbox 1069 3683 1142 3749; x_wconf 93' lang='lat' dir='ltr'><strong>In</strong></span> <span class='ocrx_word' id='word_1_284' title='bbox 1187 3684 1319 3749; x_wconf 87' lang='lat' dir='ltr'><strong>alia</strong></span> <span class='ocrx_word' id='word_1_285' title='bbox 1361 3684 1623 3768; x_wconf 87' lang='lat' dir='ltr'><strong>pictura</strong></span> <span class='ocrx_word' id='word_1_286' title='bbox 1667 3683 1846 3764; x_wconf 88' lang='lat' dir='ltr'><strong>cujus</strong></span> <span class='ocrx_word' id='word_1_287' title='bbox 1890 3681 2062 3746; x_wconf 91' lang='lat' dir='ltr'><strong>idem</strong></span> <span class='ocrx_word' id='word_1_288' title='bbox 2105 3684 2510 3766; x_wconf 89' lang='lat' dir='ltr'><strong>propositum</strong></span> <span class='ocrx_word' id='word_1_289' title='bbox 2555 3691 2673 3761; x_wconf 83' lang='lat' dir='ltr'><strong>est,</strong></span> 
     </span>
     <span class='ocr_line' id='line_1_34' title="bbox 324 3783 2671 3868; baseline 0.002 -20"><span class='ocrx_word' id='word_1_290' title='bbox 324 3784 448 3849; x_wconf 91' lang='lat' dir='ltr'><strong>dea</strong></span> <span class='ocrx_word' id='word_1_291' title='bbox 477 3784 657 3849; x_wconf 91' lang='lat' dir='ltr'><strong>alata</strong></span> <span class='ocrx_word' id='word_1_292' title='bbox 684 3783 799 3849; x_wconf 90' lang='lat' dir='ltr'><strong>sed</strong></span> <span class='ocrx_word' id='word_1_293' title='bbox 831 3786 1112 3851; x_wconf 87' lang='lat' dir='ltr'><strong>caduceo</strong></span> <span class='ocrx_word' id='word_1_294' title='bbox 1143 3787 1374 3852; x_wconf 91' lang='lat' dir='ltr'><strong>omisso</strong></span> <span class='ocrx_word' id='word_1_295' title='bbox 1405 3785 1547 3851; x_wconf 87' lang='lat' dir='ltr'><strong>Jovi</strong></span> <span class='ocrx_word' id='word_1_296' title='bbox 1581 3784 1883 3868; x_wconf 88' lang='lat' dir='ltr'><strong>poculum</strong></span> <span class='ocrx_word' id='word_1_297' title='bbox 1911 3784 2238 3849; x_wconf 87' lang='lat' dir='ltr'><strong>ministrat</strong></span> <span class='ocrx_word' id='word_1_298' title='bbox 2260 3785 2337 3868; x_wconf 76' lang='lat'><strong>⁴).</strong></span> <span class='ocrx_word' id='word_1_299' title='bbox 2426 3785 2671 3863; x_wconf 84' lang='lat' dir='ltr'><strong>Quibus</strong></span> 
     </span>
     <span class='ocr_line' id='line_1_35' title="bbox 326 3885 2674 3969; baseline 0.003 -19"><span class='ocrx_word' id='word_1_300' title='bbox 326 3908 407 3951; x_wconf 86' lang='lat' dir='ltr'><strong>ex</strong></span> <span class='ocrx_word' id='word_1_301' title='bbox 449 3887 723 3969; x_wconf 88' lang='lat' dir='ltr'><strong>picturis</strong></span> <span class='ocrx_word' id='word_1_302' title='bbox 767 3907 912 3953; x_wconf 93' lang='lat' dir='ltr'><strong>cum</strong></span> <span class='ocrx_word' id='word_1_303' title='bbox 956 3887 1302 3953; x_wconf 89' lang='lat' dir='ltr'><strong>effiendnm</strong></span> <span class='ocrx_word' id='word_1_304' title='bbox 1346 3888 1504 3952; x_wconf 90' lang='lat' dir='ltr'><strong>mihi</strong></span> <span class='ocrx_word' id='word_1_305' title='bbox 1551 3907 1689 3952; x_wconf 92' lang='lat' dir='ltr'><strong>esse</strong></span> <span class='ocrx_word' id='word_1_306' title='bbox 1733 3885 2049 3964; x_wconf 86' lang='lat' dir='ltr'><strong>videatur,</strong></span> <span class='ocrx_word' id='word_1_307' title='bbox 2108 3885 2436 3953; x_wconf 89' lang='lat' dir='ltr'><strong>Victoriae</strong></span> <span class='ocrx_word' id='word_1_308' title='bbox 2480 3909 2522 3954; x_wconf 89' lang='lat' dir='ltr'><strong>a</strong></span> <span class='ocrx_word' id='word_1_309' title='bbox 2567 3911 2674 3956; x_wconf 87' lang='lat' dir='ltr'><strong>ve-</strong></span> 
     </span>
     <span class='ocr_line' id='line_1_36' title="bbox 322 3988 2672 4074; baseline 0.001 -19"><span class='ocrx_word' id='word_1_310' title='bbox 322 3996 535 4055; x_wconf 91' lang='lat' dir='ltr'><strong>terum</strong></span> <span class='ocrx_word' id='word_1_311' title='bbox 581 3988 941 4056; x_wconf 89' lang='lat' dir='ltr'><strong>artificibus</strong></span> <span class='ocrx_word' id='word_1_312' title='bbox 985 4010 1218 4056; x_wconf 87' lang='lat' dir='ltr'><strong>munus</strong></span> <span class='ocrx_word' id='word_1_313' title='bbox 1261 3989 1476 4074; x_wconf 91' lang='lat' dir='ltr'><strong>poculi</strong></span> <span class='ocrx_word' id='word_1_314' title='bbox 1521 3990 1661 4055; x_wconf 90' lang='lat' dir='ltr'><strong>deis</strong></span> <span class='ocrx_word' id='word_1_315' title='bbox 1704 3988 2113 4054; x_wconf 91' lang='lat' dir='ltr'><strong>ministrandi</strong></span> <span class='ocrx_word' id='word_1_316' title='bbox 2156 3990 2470 4056; x_wconf 88' lang='lat' dir='ltr'><strong>traditum</strong></span> <span class='ocrx_word' id='word_1_317' title='bbox 2513 4011 2672 4071; x_wconf 85' lang='lat' dir='ltr'><strong>esse,</strong></span> 
     </span>
     <span class='ocr_line' id='line_1_37' title="bbox 327 4090 2673 4176; baseline 0.003 -20"><span class='ocrx_word' id='word_1_318' title='bbox 327 4093 394 4156; x_wconf 92' lang='lat' dir='ltr'><strong>in</strong></span> <span class='ocrx_word' id='word_1_319' title='bbox 459 4093 758 4159; x_wconf 91' lang='lat' dir='ltr'><strong>omnibus</strong></span> <span class='ocrx_word' id='word_1_320' title='bbox 824 4094 1276 4174; x_wconf 89' lang='lat' dir='ltr'><strong>monumentis,</strong></span> <span class='ocrx_word' id='word_1_321' title='bbox 1341 4093 1408 4157; x_wconf 91' lang='lat' dir='ltr'><strong>in</strong></span> <span class='ocrx_word' id='word_1_322' title='bbox 1474 4092 1713 4176; x_wconf 91' lang='lat' dir='ltr'><strong>quibus</strong></span> <span class='ocrx_word' id='word_1_323' title='bbox 1771 4090 1907 4156; x_wconf 86' lang='lat' dir='ltr'><strong>tale</strong></span> <span class='ocrx_word' id='word_1_324' title='bbox 1963 4111 2196 4157; x_wconf 91' lang='lat' dir='ltr'><strong>munus</strong></span> <span class='ocrx_word' id='word_1_325' title='bbox 2240 4112 2282 4158; x_wconf 89' lang='lat' dir='ltr'><strong>a</strong></span> <span class='ocrx_word' id='word_1_326' title='bbox 2326 4093 2451 4160; x_wconf 89' lang='lat' dir='ltr'><strong>dea</strong></span> <span class='ocrx_word' id='word_1_327' title='bbox 2491 4093 2673 4162; x_wconf 89' lang='lat' dir='ltr'><strong>alata</strong></span> 
     </span>
    </p>
   </div>
   <div class='ocr_carea' id='block_1_3' title="bbox 326 4203 783 4212">
    <p class='ocr_par' dir='ltr' id='par_1_3' title="bbox 326 4203 783 4212">
     <span class='ocr_line' id='line_1_38' title="bbox 326 4203 783 4212; baseline 0 722"><span class='ocrx_word' id='word_1_328' title='bbox 326 4203 783 4212; x_wconf 95' lang='lat' dir='ltr'><strong> </strong></span> 
     </span>
    </p>
   </div>
   <div class='ocr_carea' id='block_1_4' title="bbox 326 4257 2676 4594">
    <p class='ocr_par' dir='ltr' id='par_1_4' title="bbox 326 4257 2676 4594">
     <span class='ocr_line' id='line_1_39' title="bbox 468 4257 2675 4330; baseline 0 -16"><span class='ocrx_word' id='word_1_329' title='bbox 468 4261 516 4330; x_wconf 88' lang='lat'><strong>¹)</strong></span> <span class='ocrx_word' id='word_1_330' title='bbox 555 4260 625 4314; x_wconf 87' lang='lat' dir='ltr'><strong>cf.</strong></span> <span class='ocrx_word' id='word_1_331' title='bbox 662 4260 938 4327; x_wconf 87' lang='lat' dir='ltr'><strong>Gerhard,</strong></span> <span class='ocrx_word' id='word_1_332' title='bbox 980 4260 1049 4315; x_wconf 83' lang='lat' dir='ltr'><strong>A.</strong></span> <span class='ocrx_word' id='word_1_333' title='bbox 1090 4260 1152 4315; x_wconf 88' lang='lat' dir='ltr'><strong>V.</strong></span> <span class='ocrx_word' id='word_1_334' title='bbox 1192 4260 1260 4326; x_wconf 91' lang='lat'><strong>11,</strong></span> <span class='ocrx_word' id='word_1_335' title='bbox 1302 4261 1421 4313; x_wconf 88' lang='lat'><strong>150.</strong></span> <span class='ocrx_word' id='word_1_336' title='bbox 1600 4260 1646 4327; x_wconf 73' lang='lat'><strong>⁹)</strong></span> <span class='ocrx_word' id='word_1_337' title='bbox 1682 4275 1849 4327; x_wconf 82' lang='lat' dir='ltr'><strong>quam</strong></span> <span class='ocrx_word' id='word_1_338' title='bbox 1890 4258 2172 4327; x_wconf 89' lang='lat' dir='ltr'><strong>picturam</strong></span> <span class='ocrx_word' id='word_1_339' title='bbox 2209 4257 2399 4312; x_wconf 88' lang='lat' dir='ltr'><strong>obiter</strong></span> <span class='ocrx_word' id='word_1_340' title='bbox 2434 4275 2675 4315; x_wconf 82' lang='lat' dir='ltr'><strong>comme·</strong></span> 
     </span>
     <span class='ocr_line' id='line_1_40' title="bbox 327 4344 2676 4419; baseline -0.001 -16"><span class='ocrx_word' id='word_1_341' title='bbox 327 4365 542 4403; x_wconf 89' lang='lat' dir='ltr'><strong>morem</strong></span> <span class='ocrx_word' id='word_1_342' title='bbox 579 4365 614 4402; x_wconf 87' lang='lat' dir='ltr'><strong>a</strong></span> <span class='ocrx_word' id='word_1_343' title='bbox 648 4347 905 4413; x_wconf 79' lang='lat' dir='ltr'><strong>Miillero,</strong></span> <span class='ocrx_word' id='word_1_344' title='bbox 943 4346 1263 4402; x_wconf 79' lang='lat' dir='ltr'><strong>Handbnch</strong></span> <span class='ocrx_word' id='word_1_345' title='bbox 1302 4345 1334 4418; x_wconf 65' lang='grc' dir='ltr'><strong>ξ</strong></span> <span class='ocrx_word' id='word_1_346' title='bbox 1375 4349 1500 4416; x_wconf 84' lang='grc'>400,</span> <span class='ocrx_word' id='word_1_347' title='bbox 1525 4364 1574 4412; x_wconf 85' lang='lat' dir='ltr'><strong>a,</strong></span> <span class='ocrx_word' id='word_1_348' title='bbox 1614 4350 1647 4401; x_wconf 90' lang='grc'><strong>6</strong></span> <span class='ocrx_word' id='word_1_349' title='bbox 1693 4344 1834 4400; x_wconf 84' lang='lat' dir='ltr'><strong>falso</strong></span> <span class='ocrx_word' id='word_1_350' title='bbox 1894 4346 1953 4400; x_wconf 89' lang='lat' dir='ltr'><strong>in</strong></span> <span class='ocrx_word' id='word_1_351' title='bbox 2001 4362 2235 4400; x_wconf 90' lang='lat' dir='ltr'><strong>numero</strong></span> <span class='ocrx_word' id='word_1_352' title='bbox 2280 4345 2476 4402; x_wconf 87' lang='lat' dir='ltr'><strong>haberi</strong></span> <span class='ocrx_word' id='word_1_353' title='bbox 2525 4365 2676 4419; x_wconf 83' lang='lat' dir='ltr'><strong>gem-</strong></span> 
     </span>
     <span class='ocr_line' id='line_1_41' title="bbox 326 4432 2676 4506; baseline 0.001 -17"><span class='ocrx_word' id='word_1_354' title='bbox 326 4453 563 4491; x_wconf 86' lang='lat' dir='ltr'><strong>marum.</strong></span> <span class='ocrx_word' id='word_1_355' title='bbox 705 4437 746 4506; x_wconf 80' lang='lat'><strong>8)</strong></span> <span class='ocrx_word' id='word_1_356' title='bbox 784 4434 856 4489; x_wconf 84' lang='lat' dir='ltr'><strong>of.</strong></span> <span class='ocrx_word' id='word_1_357' title='bbox 882 4435 1084 4489; x_wconf 86' lang='lat' dir='ltr'><strong>Annal.</strong></span> <span class='ocrx_word' id='word_1_358' title='bbox 1113 4435 1169 4490; x_wconf 89' lang='lat' dir='ltr'><strong>d.</strong></span> <span class='ocrx_word' id='word_1_359' title='bbox 1195 4435 1332 4490; x_wconf 87' lang='lat' dir='ltr'><strong>Inst.</strong></span> <span class='ocrx_word' id='word_1_360' title='bbox 1374 4436 1527 4500; x_wconf 84' lang='lat'><strong>1861,</strong></span> <span class='ocrx_word' id='word_1_361' title='bbox 1568 4453 1618 4505; x_wconf 89' lang='lat' dir='ltr'><strong>p.</strong></span> <span class='ocrx_word' id='word_1_362' title='bbox 1645 4437 1766 4491; x_wconf 81' lang='lat'><strong>293.</strong></span> <span class='ocrx_word' id='word_1_363' title='bbox 1807 4433 1958 4489; x_wconf 85' lang='lat' dir='ltr'><strong>Mon.</strong></span> <span class='ocrx_word' id='word_1_364' title='bbox 1986 4434 2041 4487; x_wconf 90' lang='lat' dir='ltr'><strong>d.</strong></span> <span class='ocrx_word' id='word_1_365' title='bbox 2060 4434 2198 4487; x_wconf 89' lang='lat' dir='ltr'><strong>Inst.</strong></span> <span class='ocrx_word' id='word_1_366' title='bbox 2227 4432 2320 4499; x_wconf 84' lang='lat' dir='ltr'><strong>Vl,</strong></span> <span class='ocrx_word' id='word_1_367' title='bbox 2357 4437 2477 4490; x_wconf 88' lang='lat' dir='ltr'><strong>tab.</strong></span> <span class='ocrx_word' id='word_1_368' title='bbox 2507 4438 2595 4505; x_wconf 82' lang='lat'><strong>58,</strong></span> <span class='ocrx_word' id='word_1_369' title='bbox 2628 4440 2676 4491; x_wconf 93' lang='lat'><strong>1.</strong></span> 
     </span>
     <span class='ocr_line' id='line_1_42' title="bbox 329 4523 1292 4594; baseline 0 -16"><span class='ocrx_word' id='word_1_370' title='bbox 329 4524 372 4594; x_wconf 81' lang='lat'><strong>⁴)</strong></span> <span class='ocrx_word' id='word_1_371' title='bbox 409 4524 480 4579; x_wconf 82' lang='lat' dir='ltr'><strong>cf.</strong></span> <span class='ocrx_word' id='word_1_372' title='bbox 519 4524 673 4578; x_wconf 88' lang='lat' dir='ltr'><strong>Mon.</strong></span> <span class='ocrx_word' id='word_1_373' title='bbox 712 4524 767 4578; x_wconf 91' lang='lat' dir='ltr'><strong>d.</strong></span> <span class='ocrx_word' id='word_1_374' title='bbox 804 4525 942 4578; x_wconf 86' lang='lat' dir='ltr'><strong>Inst.</strong></span> <span class='ocrx_word' id='word_1_375' title='bbox 981 4523 1074 4592; x_wconf 88' lang='lat' dir='ltr'><strong>VI,</strong></span> <span class='ocrx_word' id='word_1_376' title='bbox 1116 4525 1202 4592; x_wconf 81' lang='lat'><strong>58,</strong></span> <span class='ocrx_word' id='word_1_377' title='bbox 1242 4526 1292 4578; x_wconf 82' lang='lat'><strong>2.</strong></span> 
     </span>
    </p>
   </div>
  </div>
 </body>
</html>
