3092 4934
1448 373 1531 435 23

319 563 530 628 alatos
576 568 1017 645 armatosque,
1085 562 1198 643 qui
1254 562 1318 624 in
1377 580 1451 624 eo
1495 565 1650 625 sunt
1692 565 1769 623 ut
1812 562 2133 622 mortuum
2180 555 2374 619 humo
2418 552 2671 618 tollant.

317 666 390 729 In
440 665 671 729 dextra
730 670 796 728 et
838 664 1102 728 sinistra
1148 671 1337 746 parte
1381 665 1549 727 duae
1595 661 1870 725 feminae
1915 659 2266 725 collocatae
2310 663 2463 721 sunt
2506 675 2672 738 quae

317 768 385 832 id
432 767 604 850 quod
649 767 867 848 agitur
912 787 1157 831 summo
1188 767 1404 832 studio
1446 770 1945 849 prosequuntur.
2036 761 2254 826 Altera
2297 761 2363 824 in
2409 760 2672 824 sinistra

317 872 616 954 picturae
657 876 846 953 parte
877 868 1161 934 caduceo
1191 870 1513 933 instructa
1549 873 1667 932 est.
1756 866 1959 944 Quam
2006 865 2329 947 picturam
2373 863 2591 927 Brunn
2619 865 2671 946 1)

316 975 414 1037 ita
474 973 944 1056 interpretatur
1012 978 1085 1036 ut
1148 977 1472 1036 mortuum
1533 969 1935 1034 Memnonem
2004 987 2141 1032 esse
2221 967 2433 1040 dicat,
2503 966 2672 1030 viros

319 1075 527 1140 alatos
581 1074 819 1139 fratres
877 1073 1051 1138 illius
1109 1074 1266 1139 deos
1325 1080 1676 1149 ventorum,
1737 1070 2037 1136 feminam
2083 1070 2355 1135 alteram
2397 1074 2672 1132 matrem

320 1179 652 1254 Auroram,
699 1176 969 1241 alteram
1020 1176 1300 1242 caduceo
1358 1175 1788 1258 significatam
1841 1173 2010 1237 Irim.
2058 1173 2297 1236 Contra
2347 1171 2587 1235 Rohert
2616 1172 2672 1253 ²)

319 1278 755 1363 Sarpedonem
783 1278 1110 1362 depictum
1143 1299 1282 1344 esse
1315 1286 1535 1344 censet
1579 1299 1620 1343 a
1664 1278 1896 1343 Somno
1942 1282 2009 1340 et
2039 1275 2249 1340 Morte
2293 1275 2357 1337 in
2389 1274 2669 1356 patriam

318 1383 757 1465 deportatum3
804 1381 1106 1446 feminam
1138 1384 1491 1448 caduceum
1534 1388 1860 1447 tenentem
1894 1387 1961 1444 et
2001 1380 2139 1462 ipse
2183 1377 2337 1441 Irim
2367 1375 2669 1459 appellat.

319 1483 479 1549 Mihi
535 1504 794 1567 quoque
846 1492 922 1550 ut
976 1486 1215 1551 Meiero
1236 1493 1290 1571 ³)
1345 1485 1620 1550 Brunni.
1650 1481 2103 1565 interpretatio
2164 1482 2246 1545 ob
2291 1486 2672 1562 argumenta

319 1587 403 1652 ab
447 1586 559 1651 illo
603 1587 644 1650 l.
692 1587 730 1651 l.
776 1588 1036 1671 prolata
1094 1590 1311 1670 aptior
1374 1608 1511 1653 esse
1568 1587 1841 1652 videtur.
1933 1584 2260 1649 Habemus
2305 1584 2503 1666 igitur
2549 1583 2673 1647 hac

318 1710 576 1774 quoque
640 1691 705 1754 in
784 1692 1043 1774 pictura
1099 1691 1275 1755 Irida
1337 1692 1619 1756 caduceo
1672 1691 1841 1766 solo,
1902 1709 2026 1753 non
2086 1687 2207 1752 alis
2267 1686 2671 1767 designatam

318 1791 512 1856 simili
571 1813 831 1857 munere
891 1794 1265 1876 fungentem
1321 1794 1514 1877 quale
1578 1793 1920 1858 obeuntem
1964 1812 2166 1874 supra
2210 1811 2349 1855 eam
2396 1789 2672 1853 vidimus

320 1901 386 1960 et
453 1896 516 1957 in
581 1894 823 1977 Vergili
883 1897 1036 1960 Aen.
1084 1897 1123 1959 l.
1170 1896 1252 1960 IV
1301 1918 1352 1962 s.
1399 1898 1440 1961 f.
1507 1903 1572 1961 et
1624 1898 1691 1959 in
1751 1895 1865 1959 illa
1918 1895 2194 1975 imagine
2255 1892 2533 1957 Etrusca
2591 1892 2674 1956 de

315 1996 726 2063 immolandis
770 1999 853 2063 ab
902 1998 1147 2064 Achille
1192 1999 1714 2064 adulescentibus
1758 1998 2065 2082 Trojanis.

487 2101 736 2166 Deinde
781 2102 1099 2184 agendum
1145 2109 1244 2167 est
1286 2103 1367 2167 de
1412 2103 1684 2185 picturis
1727 2102 1792 2164 in
1839 2099 2073 2183 quibus
2104 2099 2224 2163 Iris
2269 2100 2530 2182 depicta
2576 2105 2675 2163 est

319 2224 531 2268 comes
576 2203 858 2269 deorum.
950 2204 1148 2289 Cujus
1192 2207 1444 2288 generis
1491 2203 1926 2269 enumeranda
1970 2208 2124 2267 sunt
2170 2223 2322 2267 vasa
2366 2201 2555 2267 haec:

490 2307 692 2372 Bull.
739 2307 799 2370 d.
844 2307 1039 2372 Inst.
1093 2308 1316 2385 1868,
1365 2331 1426 2391 p.
1478 2307 1657 2382 1843
1703 2307 1823 2371 Iris
1859 2307 2110 2388 magnis
2140 2305 2261 2370 alis
2296 2312 2361 2369 et
2388 2306 2671 2370 caduceo

321 2408 686 2491 significata
718 2430 917 2492 equos
961 2411 1142 2475 freno
1173 2412 1354 2477 ducit
1393 2410 1770 2494 quadrigae,
1815 2411 1878 2472 in
1913 2430 2045 2493 qua
2077 2408 2290 2473 Venus
2322 2414 2387 2473 et
2414 2408 2670 2472 Adonis

321 2511 618 2576 collocati
665 2514 1167 2596 conspiciuntur.

493 2614 781 2680 Annali
831 2615 1110 2680 d.Inst.
1167 2617 1391 2691 1862,
1439 2637 1499 2697 p.
1538 2613 1722 2689 1173
1769 2611 1961 2677 Mon.
2009 2611 2067 2675 d.
2116 2612 2305 2678 Inst.
2355 2611 2665 2689 VI-VH,

319 2722 366 2779 t.
414 2716 540 2792 663
596 2716 922 2800 descripta
971 2724 1069 2781 est
1099 2719 1222 2782 hac
1267 2719 1330 2782 in
1377 2718 1707 2801 amphora,
1755 2735 1925 2797 quae
1970 2723 2388 2780 conservatur
2414 2717 2479 2779 in
2510 2714 2671 2779 Mus.

322 2818 680 2901 Campana,
740 2819 854 2884 illa
900 2820 1208 2886 Oresteae
1263 2821 1524 2887 fabulae
1578 2841 1764 2904 pare,
1825 2841 1994 2902 quae
2050 2826 2149 2884 est
2206 2820 2286 2883 de
2333 2818 2560 2883 Oreste
2607 2824 2674 2882 et

316 2921 561 3004 Pylade
614 2943 653 2985 a
707 2921 935 2987 Tauris
1003 2925 1229 3007 captis.
1346 2923 1564 2988 Media
1626 2924 1692 2986 in
1751 2923 2012 3005 pictura
2081 2923 2369 2986 videmus
2424 2920 2672 2985 Dianae

318 3024 649 3107 templum,
698 3045 775 3089 ex
821 3047 948 3107 quo
996 3047 1254 3108 egressa
1298 3027 1637 3110 Iphigenia
1680 3026 1764 3090 ad
1796 3025 2103 3110 Pyladem
2152 3032 2219 3090 et
2263 3024 2556 3089 Orestem
2602 3044 2670 3088 se

317 3128 531 3191 vertit.
621 3126 700 3190 In
747 3129 1012 3193 sinistra
1056 3136 1244 3212 parte
1276 3128 1486 3193 Diana
1533 3130 1796 3212 depicta
1842 3137 1957 3204 est,
2006 3150 2284 3212 quacum
2312 3127 2671 3192 Mercurius

323 3230 607 3295 caduceo
667 3236 732 3292 et
787 3237 1011 3312 petaso
1069 3230 1473 3313 significatus
1532 3231 1819 3296 studiose
1866 3233 2038 3313 agit3
2094 3232 2160 3294 in
2206 3231 2439 3294 dextra
2481 3236 2671 3313 parte

328 3334 632 3409 Minerva,
682 3333 929 3397 Orestis
973 3333 1212 3410 amica,
1272 3342 1338 3397 et
1382 3355 1594 3399 comes
1640 3335 1778 3416 ejus
1824 3334 1945 3398 Iris
1986 3335 2269 3399 caduceo
2315 3338 2381 3396 et
2424 3333 2672 3414 magnis

323 3435 444 3500 alis
488 3437 828 3500 instructa.
917 3435 1289 3501 Notandum
1337 3444 1452 3513 est,
1499 3458 1640 3501 eam
1674 3438 1867 3501 etiam
1915 3437 2091 3521 quod
2122 3437 2360 3501 attinet
2404 3435 2486 3499 ad
2534 3436 2670 3518 ejus

320 3540 384 3601 in
432 3539 692 3620 pictura
738 3538 1224 3604 collocationem
1269 3545 1575 3604 accurate
1618 3540 2003 3622 respondere
2047 3538 2384 3603 Mercurio.

498 3657 750 3723 Catal.
796 3678 950 3722 vas,
1000 3659 1177 3724 Mus.
1228 3659 1416 3723 Brit.
1460 3682 1519 3723 n.
1569 3659 1794 3737 12653
1841 3658 2201 3741 complures
2247 3660 2371 3734 dei,
2417 3659 2482 3722 in
2529 3659 2673 3742 qui-

320 3761 443 3825 bus
469 3760 791 3843 Juppiter,
838 3759 1194 3843 Neptunus,
1241 3761 1411 3826 Juno
1441 3768 1841 3844 spectantur,
1885 3762 2246 3839 simulacro,
2294 3762 2469 3845 quod
2501 3761 2670 3826 Pan-

321 3864 520 3927 dorae
552 3883 689 3925 esse
723 3862 983 3927 Newton
1016 3862 1056 3926 l.
1088 3863 1128 3926 l.
1161 3863 1316 3938 vult,
1367 3884 1669 3928 coronam
1701 3863 1996 3929 offerunt.
2088 3865 2366 3930 Comites
2402 3864 2669 3929 deorum

322 3950 711 4030 Mercurium
757 3971 822 4028 et
863 3964 1039 4029 Irida
1081 3965 1403 4045 videmus,
1461 3965 1641 4031 illum
1698 3967 1997 4043 caduceO,
2054 3973 2301 4050 petas0,
2351 3967 2670 4033 talaribus

318 4067 785 4150 significatum,
854 4066 1025 4132 hanc
1084 4075 1150 4132 et
1203 4069 1412 4151 ipsam
1470 4069 1751 4134 caduceo
1809 4069 2274 4155 talaribusque,
2331 4077 2672 4154 praeterea

320 4171 569 4252 magnis
614 4170 734 4233 alis
779 4170 1183 4235 instructam.

496 4289 767 4354 Annali
832 4290 890 4354 d.
950 4291 1142 4354 Inst.
1205 4292 1444 4371 1845,
1507 4315 1571 4375 p.
1625 4293 1803 4370 158,
1862 4291 2454 4375 Furtwangler,
2516 4299 2669 4358 cat.

497 4486 538 4551 1)
578 4483 648 4537 cf.
675 4483 940 4537 Troische
975 4483 1261 4536 Miscellen
1300 4484 1397 4551 III,
1437 4485 1820 4553 Sitzungsher.
1865 4484 1919 4537 d.
1955 4485 2018 4538 B.
2058 4483 2238 4538 Akad.
2267 4485 2421 4546 1880,
2458 4501 2516 4552 p.
2552 4485 2672 4537 186.

320 4572 361 4641 9)
400 4570 471 4625 cf.
509 4571 796 4625 Thanatos
832 4588 886 4639 p.
924 4573 974 4624 9.
1154 4573 1196 4639 ³)
1236 4571 1306 4627 cf.
1346 4573 1515 4627 Arch.
1557 4573 1685 4642 Ztg.
1724 4573 1805 4642 lg.
1842 4571 1984 4638 XLI,
2024 4591 2077 4641 p.
2118 4575 2167 4626 5.
