3092 4934
1619 304 1703 368 30

489 509 650 571 quos
703 490 918 554 dicere
975 489 1250 555 solemus
1305 489 1746 555 Phaethontis.
1860 491 2149 573 Egerunt
2203 493 2285 557 de
2340 492 2452 557 illo
2506 493 2828 572 Wieseler,

488 592 822 657 Phaethon
881 615 944 676 p.
990 593 1278 670 45--46‚
1340 591 1437 656 Tf.
1488 593 1549 669 1,
1604 599 1673 669 l,
1721 594 1794 668 23
1856 593 2259 671 Duetschke,
2320 595 2557 660 Antike
2612 596 2828 662 Bildw.

487 696 593 772 IV,
640 698 784 760 442.
876 694 1111 760 Efficta
1166 701 1266 759 est
1308 694 1530 759 fabula
1587 695 2038 776 Phaethontis,
2096 697 2217 761 Iris
2278 719 2447 779 quae
2505 698 2713 764 altero
2766 702 2827 764 in

486 798 886 881 sarcophago
933 817 1142 862 comes
1185 797 1382 874 Jovis,
1438 799 1504 861 in
1551 797 1757 863 altero
1803 819 2012 864 comes
2054 798 2327 864 Junonis
2372 801 2629 866 videtur
2675 822 2827 880 esse,

487 904 741 982 spectat
796 901 862 963 in
919 898 1386 963 Phaethontem
1434 921 1469 964 e
1515 922 1708 965 curru
1753 901 2094 982 dejectum.
2188 902 2512 967 Denotata
2554 911 2657 968 est
2698 905 2831 969 sola

486 1009 662 1067 veste
705 1022 900 1084 super
943 1003 1158 1084 capite
1202 1008 1493 1080 arcuata,
1562 1024 1695 1084 qua
1738 1002 2054 1068 artificem
2100 1006 2481 1086 posterioris
2524 1009 2829 1090 temporis

487 1125 626 1168 eam
675 1103 1039 1186 significare
1084 1103 1361 1168 voluisse
1409 1104 1711 1187 colligere
1756 1104 1942 1171 nobis
1987 1105 2160 1173 licet.

659 1224 948 1288 Alterum
1007 1231 1301 1309 ectypon,
1361 1225 1427 1287 in
1488 1245 1617 1307 quo
1666 1225 1842 1290 Irida
1899 1226 2187 1290 videmus
2247 1226 2527 1307 ejusdem
2589 1227 2828 1292 formae

484 1328 623 1391 sola
682 1333 859 1391 veste
916 1334 1189 1392 arcuata
1246 1327 1639 1404 denotatam,
1704 1328 2051 1412 descripsit
2104 1328 2357 1411 Helbig,
2417 1330 2536 1392 Die
2592 1329 2827 1394 offentl.

487 1429 940 1511 Sammlungen
986 1429 1179 1494 klasS.
1227 1428 1454 1494 Altert.
1500 1432 1566 1493 in
1614 1430 1794 1507 Rom,
1840 1453 1899 1494 n.
1947 1430 2076 1495 914
2101 1432 2174 1515 1).
2263 1429 2535 1496 Effinxit
2592 1432 2823 1497 artifex

486 1533 547 1595 in
614 1531 724 1595 illo
782 1532 1183 1614 sarcophago
1250 1537 1460 1595 ortum
1520 1532 1833 1615 Apollinis
1891 1541 1958 1597 et
2013 1533 2388 1609 Artemidis;
2459 1535 2523 1597 in
2595 1534 2825 1599 dextra

485 1642 673 1717 parte
719 1632 839 1698 Iris
884 1635 1361 1716 appropinquat
1403 1635 1467 1697 in
1515 1634 1787 1720 Olympo
1836 1635 1918 1699 ad
1951 1634 2260 1700 Venerem
2310 1642 2376 1699 et
2416 1635 2710 1701 Cererem
2753 1645 2827 1701 ut

488 1736 812 1820 Ilithyiam
857 1743 1145 1801 arcessat
1185 1736 1492 1801 Latonae.

659 1856 904 1920 Deinde
949 1856 1030 1921 de
1077 1863 1306 1942 ectypo
1352 1858 1740 1921 sententiam
1786 1857 2127 1940 proferam,
2186 1878 2315 1940 quo
2362 1865 2426 1922 et
2472 1859 2610 1940 ipso
2656 1880 2824 1922 com-

486 1959 709 2043 plures
751 1960 1164 2024 inveniuntur
1211 1960 1503 2024 exornati
1535 1959 1940 2042 sarcophagi,
1988 1961 2068 2024 de
2099 1961 2335 2043 quibus
2364 1959 2663 2043 pluribus
2696 1962 2826 2043 egit

487 2060 700 2126 verbis
747 2061 1061 2139 Welcker,
1110 2062 1296 2127 Zsch.
1343 2062 1384 2126 f.
1431 2083 1489 2126 a.
1536 2062 1634 2139 K„
1681 2062 1857 2127 Gott.
1917 2062 2097 2140 1818,
2142 2063 2260 2127 Bd.
2306 2063 2352 2126 I.
2445 2063 2683 2128 Efficta
2726 2072 2824 2128 est

482 2166 545 2228 in
593 2164 695 2228 his
740 2166 986 2247 ectypis
1032 2165 1224 2230 Ceres
1283 2185 1451 2246 quae
1507 2163 1707 2228 filiam
1767 2171 2024 2247 raptam
2069 2166 2501 2247 prosequitur.
2589 2167 2827 2249 Tangit

481 2274 765 2332 nostram
810 2269 1253 2350 quaestionem
1297 2267 1436 2331 sola
1478 2267 1594 2331 illa
1638 2267 1777 2343 dea,
1825 2288 1994 2350 quae
2026 2267 2277 2332 Cereris
2323 2289 2582 2333 currum
2629 2271 2824 2334 comi-

479 2376 677 2434 tatur.
766 2370 903 2434 Dea
945 2370 1196 2452 magnis
1241 2368 1362 2434 alis
1404 2371 1728 2435 instructa
1770 2377 1889 2447 est,
1947 2370 2133 2434 avide
2175 2371 2239 2433 in
2286 2371 2627 2436 adversum
2674 2393 2821 2437 con-

471 2474 664 2554 jectis
708 2473 930 2551 oculis,
978 2478 1153 2536 veste
1197 2472 1263 2535 in
1311 2491 1533 2536 arcum
1581 2473 1861 2537 sinuata.
1950 2472 2045 2536 De
2091 2471 2215 2537 hac
2259 2473 2384 2537 dea
2427 2475 2640 2539 varias
2671 2497 2821 2558 pro-

477 2574 773 2640 tulerunt
815 2576 935 2639 viri
979 2574 1156 2639 docti
1203 2575 1590 2639 sententias:
1635 2574 1922 2639 Piranesi
1970 2574 2285 2656 (Bassiril.
2320 2575 2496 2640 Rom.
2542 2576 2619 2640 II.
2670 2577 2819 2656 234)

476 2698 617 2741 eam
666 2677 1014 2741 Victoriam
1060 2678 1430 2754 nominavit,
1480 2677 1770 2742 Visconti
1816 2677 2009 2762 (Mus.
2045 2677 2237 2742 Piocl.
2273 2676 2345 2755 V,
2390 2678 2506 2761 41)
2556 2677 2818 2756 Horam,

474 2780 691 2861 Zoega
751 2779 1065 2862 (Bassiril.
1110 2779 1289 2845 Rom.
1333 2778 1411 2857 II,
1457 2781 1614 2864 232)
1682 2779 1975 2844 Welcker
2019 2778 2059 2841 l.
2106 2778 2146 2841 l.
2193 2778 2494 2844 Foerster
2554 2781 2814 2856 (Annal.

474 2882 535 2948 d.
580 2882 739 2947 Inst.
790 2883 972 2958 1873,
1019 2883 1130 2964 79)
1174 2881 1527 2959 Diitschke‚
1577 2882 1807 2945 Antike
1851 2882 2071 2946 Bildw.
2119 2881 2166 2958 I,
2201 2883 2304 2958 77,
2349 2881 2458 2959 ΙΙΙ,
2494 2883 2578 2947 64
2619 2883 2817 2961 Irida,

478 2985 786 3049 Wieseler
831 2986 934 3063 (D.
982 3005 1037 3049 a.
1067 2984 1143 3049 Κ.
1189 2983 1270 3060 ΙΙ,
1317 2985 1376 3060 9,
1424 3005 1482 3047 n.
1526 2985 1667 3065 108)
1714 2987 1969 3049 Auram.
2058 2984 2305 3061 Quibus
2350 3006 2429 3048 ex
2473 2987 2818 3050 sententiis

474 3109 666 3170 quam
702 3088 930 3169 Zoega,
964 3086 1279 3164 Welcker,
1312 3086 1631 3164 Foerster,
1664 3086 1999 3153 Diitschke
2030 3086 2445 3169 protulerunt
2477 3089 2815 3171 accipiam,

475 3190 589 3255 sed
626 3191 719 3255 ita
761 3197 838 3254 ut
860 3191 1032 3269 Irim,
1080 3211 1274 3272 quam
1320 3189 1413 3254 illi
1459 3191 1579 3254 viri
1623 3190 1796 3254 docti
1842 3209 2212 3273 expressam
2257 3188 2614 3267 voluerunt,
2663 3211 2820 3255 con-

463 3294 733 3376 jungam
778 3315 923 3358 cum
970 3293 1112 3370 dea,
1157 3312 1326 3375 quae
1369 3292 1625 3357 facilius
1669 3293 1886 3376 potuit
1927 3293 2121 3356 inseri
2154 3292 2237 3356 ab
2269 3291 2520 3357 artifice
2551 3292 2818 3358 fabulae

476 3395 726 3461 Cereris
771 3403 837 3459 et
878 3395 1320 3479 Proserpinae.
1409 3393 1647 3459 Notum
1695 3405 1810 3473 est,
1870 3395 2181 3460 Hecatam
2237 3396 2456 3460 Cereri
2512 3397 2815 3459 nuntium

472 3499 767 3563 attulisse
810 3498 893 3562 de
937 3497 1211 3562 Plutone
1259 3504 1555 3580 raptore3
1612 3518 1755 3562 cum
1800 3499 2019 3580 igitur,
2064 3499 2235 3563 sicut
2277 3517 2477 3580 supra
2520 3497 2814 3579 probavi,

470 3601 723 3666 Hecata
765 3601 1238 3683 quodammodo
1287 3600 1635 3665 cohaereat
1678 3621 1823 3664 cum
1856 3600 2044 3676 Iride,
2090 3601 2214 3666 hac
2258 3601 2325 3664 in
2369 3600 2649 3681 imagine
2683 3599 2819 3663 He-

469 3704 870 3770 catam-Irim
915 3703 1106 3767 deam
1152 3723 1524 3785 expressam
1573 3723 1717 3767 esse
1764 3702 2154 3767 contendere
2198 3723 2324 3768 non
2368 3702 2699 3766 dubitabo,

640 3824 734 3888 De
777 3822 904 3888 alio
951 3829 1181 3908 ectypo
1215 3822 1422 3887 Villae
1456 3822 1684 3886 Albani
1718 3821 1892 3905 quod
1937 3823 2222 3904 pertinet
2266 3822 2351 3886 ad
2394 3822 2565 3886 hanc
2609 3843 2819 3905 quae-

469 3928 759 4005 stionem,
795 3927 928 4009 egit
956 3925 1268 4008 Stephani
1299 3925 1460 4009 (Der
1490 3924 1897 3989 ausruhende
1928 3922 2232 3988 Heracles
2263 3946 2326 4007 p.
2351 3924 2494 4002 255,
2529 3923 2705 4002 Tf.1,
2733 3925 2814 4006 1).

470 4031 710 4095 Contra
755 4030 1033 4110 Zoegam
1077 4035 1143 4093 et
1186 4027 1564 4092 Platnerum
1623 4029 1732 4109 qui
1789 4027 2089 4091 feminam
2147 4026 2390 4091 alatam
2446 4049 2525 4092 ex
2583 4027 2819 4092 hirnea

468 4133 656 4197 alteri
703 4134 976 4196 feminae
1019 4131 1465 4195 infundentem
1495 4130 1687 4194 Iridis
1730 4130 1983 4194 nomine
2027 4129 2361 4207 notabant,
2408 4130 2578 4195 hanc
2624 4130 2818 4195 deam

469 4235 820 4301 Victoriam
874 4234 1243 4318 appellavit,
1303 4253 1582 4314 quacum
1638 4231 2071 4316 appellatione
2140 4254 2218 4297 ex
2277 4240 2416 4297 toto
2463 4234 2814 4309 consentin,

647 4428 692 4495 ¹)
747 4425 818 4479 cf.
856 4424 1023 4479 Arch.
1064 4423 1190 4492 Ztg.
1239 4420 1468 4489 XXVII,
1515 4439 1573 4490 p.
1615 4424 1679 4475 21
1721 4438 1791 4486 ss,
1841 4422 1955 4475 tab.
2010 4424 2089 4485 16,
2136 4424 2293 4488 1-33
2350 4421 2586 4475 Hermes
2634 4420 2817 4488 XXII,

467 4534 518 4586 p.
557 4517 680 4568 460.
